<?xml version="1.0" encoding="UTF-8"?>
<!DOCTYPE html PUBLIC "-//W3C//DTD XHTML 1.0 Transitional//EN"
    "http://www.w3.org/TR/xhtml1/DTD/xhtml1-transitional.dtd">
<html xmlns="http://www.w3.org/1999/xhtml" xml:lang="en" lang="en">
 <head>
  <title>
</title>
<meta http-equiv="Content-Type" content="text/html;charset=utf-8" />
  <meta name='ocr-system' content='tesseract 3.04.00' />
  <meta name='ocr-capabilities' content='ocr_page ocr_carea ocr_par ocr_line ocrx_word'/>
</head>
<body>
  <div class='ocr_page' id='page_1' title='image "./caivssvetonivst00suetgoog_0296.png"; bbox 0 0 1631 2994; ppageno 0'>
   <div class='ocr_carea' id='block_1_1' title="bbox 274 40 1094 131">
    <p class='ocr_par' dir='ltr' id='par_1_1' title="bbox 274 40 1094 131">
     <span class='ocr_line' id='line_1_1' title="bbox 274 40 1094 131; baseline 0 -22"><span class='ocrx_word' id='word_1_1' title='bbox 274 46 409 131; x_wconf 83' lang='lat'><strong>276</strong></span> <span class='ocrx_word' id='word_1_2' title='bbox 706 40 1094 120; x_wconf 71' lang='lat' dir='ltr'><strong>CArvs</strong></span> 
     </span>
    </p>
   </div>
   <div class='ocr_carea' id='block_1_2' title="bbox 248 154 1596 2334">
    <p class='ocr_par' dir='ltr' id='par_1_2' title="bbox 248 154 1596 2334">
     <span class='ocr_line' id='line_1_2' title="bbox 276 154 1481 234; baseline 0.002 -19"><span class='ocrx_word' id='word_1_3' title='bbox 276 154 611 217; x_wconf 71' lang='lat' dir='ltr'><strong>vociferatus</strong></span> <span class='ocrx_word' id='word_1_4' title='bbox 624 154 724 218; x_wconf 86' lang='lat' dir='ltr'><strong>est.</strong></span> <span class='ocrx_word' id='word_1_5' title='bbox 746 160 786 216; x_wconf 88' lang='lat' dir='ltr'><strong>S</strong></span> <span class='ocrx_word' id='word_1_6' title='bbox 798 172 936 234; x_wconf 84' lang='lat' dir='ltr'><strong>uper</strong></span> <span class='ocrx_word' id='word_1_7' title='bbox 955 154 1214 215; x_wconf 83' lang='lat' dir='ltr'><strong>sororum</strong></span> <span class='ocrx_word' id='word_1_8' title='bbox 1232 157 1481 234; x_wconf 71' lang='lat' dir='ltr'><strong>inceste-‚¹</strong></span> 
     </span>
     <span class='ocr_line' id='line_1_3' title="bbox 274 228 1476 314; baseline -0.001 -18"><span class='ocrx_word' id='word_1_9' title='bbox 274 232 709 296; x_wconf 81' lang='lat' dir='ltr'><strong>&amp;notissimum</strong></span> <span class='ocrx_word' id='word_1_10' title='bbox 740 230 1052 314; x_wconf 80' lang='lat' dir='ltr'><strong>prostitutae</strong></span> <span class='ocrx_word' id='word_1_11' title='bbox 1069 228 1373 312; x_wconf 79' lang='lat' dir='ltr'><strong>&#39;Pyrallidis</strong></span> <span class='ocrx_word' id='word_1_12' title='bbox 1399 258 1476 295; x_wconf 84' lang='lat' dir='ltr'><strong>a-</strong></span> 
     </span>
     <span class='ocr_line' id='line_1_4' title="bbox 274 312 1470 383; baseline 0.002 -10"><span class='ocrx_word' id='word_1_13' title='bbox 274 332 507 373; x_wconf 84' lang='lat' dir='ltr'><strong>morem</strong></span> <span class='ocrx_word' id='word_1_14' title='bbox 525 356 542 383; x_wconf 91' lang='lat'>,</span> <span class='ocrx_word' id='word_1_15' title='bbox 570 332 694 371; x_wconf 86' lang='lat' dir='ltr'><strong>non</strong></span> <span class='ocrx_word' id='word_1_16' title='bbox 712 330 928 372; x_wconf 86' lang='lat' dir='ltr'><strong>temere</strong></span> <span class='ocrx_word' id='word_1_17' title='bbox 939 312 1048 369; x_wconf 78' lang='lat' dir='ltr'><strong>vlla</strong></span> <span class='ocrx_word' id='word_1_18' title='bbox 1063 312 1366 374; x_wconf 85' lang='lat' dir='ltr'><strong>illustriore</strong></span> <span class='ocrx_word' id='word_1_19' title='bbox 1381 314 1470 377; x_wconf 85' lang='lat' dir='ltr'><strong>fe-</strong></span> 
     </span>
     <span class='ocr_line' id='line_1_5' title="bbox 272 389 1474 475; baseline 0.005 -26"><span class='ocrx_word' id='word_1_20' title='bbox 272 392 436 453; x_wconf 86' lang='lat' dir='ltr'><strong>mina</strong></span> <span class='ocrx_word' id='word_1_21' title='bbox 446 389 719 451; x_wconf 86' lang='lat' dir='ltr'><strong>abstinuit</strong></span> <span class='ocrx_word' id='word_1_22' title='bbox 737 414 753 453; x_wconf 75' lang='lat' dir='ltr'><strong><em>z</em></strong></span> <span class='ocrx_word' id='word_1_23' title='bbox 770 410 912 472; x_wconf 79' lang='lat' dir='ltr'><strong>quas</strong></span> <span class='ocrx_word' id='word_1_24' title='bbox 937 389 1294 475; x_wconf 80' lang='lat' dir='ltr'><strong>plerumque</strong></span> <span class='ocrx_word' id='word_1_25' title='bbox 1323 414 1474 469; x_wconf 80' lang='lat' dir='ltr'><strong>cum</strong></span> 
     </span>
     <span class='ocr_line' id='line_1_6' title="bbox 275 469 1470 554; baseline 0.003 -23"><span class='ocrx_word' id='word_1_26' title='bbox 275 471 497 531; x_wconf 85' lang='lat' dir='ltr'><strong>maritis</strong></span> <span class='ocrx_word' id='word_1_27' title='bbox 511 469 584 529; x_wconf 83' lang='lat' dir='ltr'><strong>ad</strong></span> <span class='ocrx_word' id='word_1_28' title='bbox 604 488 843 533; x_wconf 81' lang='lat' dir='ltr'><strong>coenam</strong></span> <span class='ocrx_word' id='word_1_29' title='bbox 871 487 1095 527; x_wconf 79' lang='lat' dir='ltr'><strong>vocatas</strong></span> <span class='ocrx_word' id='word_1_30' title='bbox 1114 512 1131 540; x_wconf 87' lang='lat'>‚</span> <span class='ocrx_word' id='word_1_31' title='bbox 1145 488 1470 554; x_wconf 81' lang='lat' dir='ltr'><strong>praeterque</strong></span> 
     </span>
     <span class='ocr_line' id='line_1_7' title="bbox 276 546 1468 687; baseline 0.003 -79"><span class='ocrx_word' id='word_1_32' title='bbox 276 548 449 687; x_wconf 64' lang='lat' dir='ltr'><strong>fedes</strong></span> <span class='ocrx_word' id='word_1_33' title='bbox 471 547 599 607; x_wconf 86' lang='lat' dir='ltr'><strong>suos</strong></span> <span class='ocrx_word' id='word_1_34' title='bbox 625 547 968 607; x_wconf 82' lang='lat' dir='ltr'><strong>transeuntes</strong></span> <span class='ocrx_word' id='word_1_35' title='bbox 1011 546 1310 629; x_wconf 82' lang='lat' dir='ltr'><strong>diligenter</strong></span> <span class='ocrx_word' id='word_1_36' title='bbox 1345 594 1364 621; x_wconf 88' lang='lat'>‚</span> <span class='ocrx_word' id='word_1_37' title='bbox 1395 572 1468 613; x_wconf 86' lang='lat' dir='ltr'><strong>ac</strong></span> 
     </span>
     <span class='ocr_line' id='line_1_8' title="bbox 302 625 1464 700; baseline 0.001 -11"><span class='ocrx_word' id='word_1_38' title='bbox 302 644 431 689; x_wconf 84' lang='lat' dir='ltr'><strong>ente</strong></span> <span class='ocrx_word' id='word_1_39' title='bbox 442 672 461 700; x_wconf 85' lang='lat'>,</span> <span class='ocrx_word' id='word_1_40' title='bbox 479 628 862 687; x_wconf 87' lang='lat' dir='ltr'><strong>mercantium</strong></span> <span class='ocrx_word' id='word_1_41' title='bbox 878 645 1043 684; x_wconf 88' lang='lat' dir='ltr'><strong>more</strong></span> <span class='ocrx_word' id='word_1_42' title='bbox 1053 625 1464 690; x_wconf 69' lang='lat' dir='ltr'><strong>confidet-abate</strong></span> 
     </span>
     <span class='ocr_line' id='line_1_9' title="bbox 279 703 1468 789; baseline 0.002 -24"><span class='ocrx_word' id='word_1_43' title='bbox 279 707 455 765; x_wconf 83' lang='lat' dir='ltr'><strong>etiam</strong></span> <span class='ocrx_word' id='word_1_44' title='bbox 478 703 689 765; x_wconf 83' lang='lat' dir='ltr'><strong>faciem</strong></span> <span class='ocrx_word' id='word_1_45' title='bbox 736 724 922 767; x_wconf 84' lang='lat' dir='ltr'><strong>manu</strong></span> <span class='ocrx_word' id='word_1_46' title='bbox 945 705 1194 763; x_wconf 76' lang='lat' dir='ltr'><strong>alienans</strong></span> <span class='ocrx_word' id='word_1_47' title='bbox 1211 750 1230 777; x_wconf 84' lang='lat'>,</span> <span class='ocrx_word' id='word_1_48' title='bbox 1255 704 1298 763; x_wconf 82' lang='lat' dir='ltr'>fi</span> <span class='ocrx_word' id='word_1_49' title='bbox 1331 727 1468 789; x_wconf 73' lang='lat' dir='ltr'><strong>quae</strong></span> 
     </span>
     <span class='ocr_line' id='line_1_10' title="bbox 324 781 1470 865; baseline 0.004 -23"><span class='ocrx_word' id='word_1_50' title='bbox 324 783 499 843; x_wconf 88' lang='lat' dir='ltr'><strong>udore</strong></span> <span class='ocrx_word' id='word_1_51' title='bbox 530 781 947 844; x_wconf 81' lang='lat' dir='ltr'>submitterent.</span> <span class='ocrx_word' id='word_1_52' title='bbox 980 784 1229 865; x_wconf 81' lang='lat' dir='ltr'><strong>Qties</strong></span> <span class='ocrx_word' id='word_1_53' title='bbox 1256 782 1470 847; x_wconf 83' lang='lat' dir='ltr'><strong>deinde</strong></span> 
     </span>
     <span class='ocr_line' id='line_1_11' title="bbox 248 860 1466 946; baseline 0.001 -26"><span class='ocrx_word' id='word_1_54' title='bbox 248 860 259 873; x_wconf 85' lang='grc'><em>“</em></span> <span class='ocrx_word' id='word_1_55' title='bbox 304 860 520 921; x_wconf 77' lang='lat' dir='ltr'><strong>ibuiffet</strong></span> <span class='ocrx_word' id='word_1_56' title='bbox 536 906 555 935; x_wconf 90' lang='lat'>‚</span> <span class='ocrx_word' id='word_1_57' title='bbox 570 861 806 946; x_wconf 69' lang='lat' dir='ltr'><strong>egressus</strong></span> <span class='ocrx_word' id='word_1_58' title='bbox 822 861 1068 938; x_wconf 77' lang='lat' dir='ltr'><strong>triclinio</strong></span> <span class='ocrx_word' id='word_1_59' title='bbox 1083 904 1104 933; x_wconf 88' lang='lat'><strong>,</strong></span> <span class='ocrx_word' id='word_1_60' title='bbox 1119 882 1260 921; x_wconf 86' lang='lat' dir='ltr'><strong>cum</strong></span> <span class='ocrx_word' id='word_1_61' title='bbox 1275 866 1466 921; x_wconf 83' lang='lat' dir='ltr'><strong>maxi-</strong></span> 
     </span>
     <span class='ocr_line' id='line_1_12' title="bbox 276 938 1464 1021; baseline -0.008 -19"><span class='ocrx_word' id='word_1_62' title='bbox 276 960 381 1002; x_wconf 87' lang='lat' dir='ltr'><strong>me</strong></span> <span class='ocrx_word' id='word_1_63' title='bbox 402 940 675 1021; x_wconf 81' lang='lat' dir='ltr'><strong>placitam</strong></span> <span class='ocrx_word' id='word_1_64' title='bbox 693 938 987 999; x_wconf 74' lang='lat' dir='ltr'><strong>seuocass&#39;et</strong></span> <span class='ocrx_word' id='word_1_65' title='bbox 1003 982 1021 1013; x_wconf 91' lang='lat'>,</span> <span class='ocrx_word' id='word_1_66' title='bbox 1033 940 1208 1019; x_wconf 85' lang='lat' dir='ltr'><strong>paulo</strong></span> <span class='ocrx_word' id='word_1_67' title='bbox 1221 939 1355 1020; x_wconf 86' lang='lat' dir='ltr'><strong>post</strong></span> <span class='ocrx_word' id='word_1_68' title='bbox 1369 962 1464 1001; x_wconf 84' lang='lat' dir='ltr'><strong>re..</strong></span> 
     </span>
     <span class='ocr_line' id='line_1_13' title="bbox 279 1014 1464 1090; baseline 0.003 -12"><span class='ocrx_word' id='word_1_69' title='bbox 279 1018 540 1078; x_wconf 84' lang='lat' dir='ltr'><strong>centibus</strong></span> <span class='ocrx_word' id='word_1_70' title='bbox 564 1018 751 1078; x_wconf 82' lang='lat' dir='ltr'><strong>adhuc</strong></span> <span class='ocrx_word' id='word_1_71' title='bbox 770 1014 1165 1077; x_wconf 76' lang='lat' dir='ltr'><strong>lasciuiae-notis</strong></span> <span class='ocrx_word' id='word_1_72' title='bbox 1182 1061 1203 1090; x_wconf 85' lang='lat'>,</span> <span class='ocrx_word' id='word_1_73' title='bbox 1215 1017 1464 1081; x_wconf 76' lang='lat' dir='ltr'><strong>reuersus</strong></span> 
     </span>
     <span class='ocr_line' id='line_1_14' title="bbox 281 1095 1458 1177; baseline 0.003 -22"><span class='ocrx_word' id='word_1_74' title='bbox 281 1097 374 1157; x_wconf 79' lang='lat' dir='ltr'><strong>vel</strong></span> <span class='ocrx_word' id='word_1_75' title='bbox 401 1096 665 1155; x_wconf 80' lang='lat' dir='ltr'><strong>laudabat</strong></span> <span class='ocrx_word' id='word_1_76' title='bbox 696 1097 893 1177; x_wconf 78' lang='lat' dir='ltr'><strong>palam</strong></span> <span class='ocrx_word' id='word_1_77' title='bbox 915 1140 933 1171; x_wconf 90' lang='lat'>,</span> <span class='ocrx_word' id='word_1_78' title='bbox 957 1095 1046 1154; x_wconf 75' lang='lat' dir='ltr'><strong>vel</strong></span> <span class='ocrx_word' id='word_1_79' title='bbox 1063 1096 1419 1175; x_wconf 79' lang='lat' dir='ltr'><strong>vituperabat</strong></span> <span class='ocrx_word' id='word_1_80' title='bbox 1437 1121 1458 1159; x_wconf 70' lang='lat' dir='ltr'><em>z</em></span> 
     </span>
     <span class='ocr_line' id='line_1_15' title="bbox 280 1173 1464 1256; baseline 0.001 -22"><span class='ocrx_word' id='word_1_81' title='bbox 280 1174 498 1256; x_wconf 69' lang='lat' dir='ltr'><strong>singula</strong></span> <span class='ocrx_word' id='word_1_82' title='bbox 512 1195 815 1235; x_wconf 82' lang='lat' dir='ltr'><strong>numerans</strong></span> <span class='ocrx_word' id='word_1_83' title='bbox 828 1174 981 1233; x_wconf 85' lang='lat' dir='ltr'><strong>bona</strong></span> <span class='ocrx_word' id='word_1_84' title='bbox 1006 1173 1229 1233; x_wconf 84' lang='lat' dir='ltr'><strong>malave</strong></span> <span class='ocrx_word' id='word_1_85' title='bbox 1255 1192 1464 1255; x_wconf 80' lang='lat' dir='ltr'><strong>corpo-</strong></span> 
     </span>
     <span class='ocr_line' id='line_1_16' title="bbox 281 1250 1466 1335; baseline 0 -22"><span class='ocrx_word' id='word_1_86' title='bbox 281 1255 355 1313; x_wconf 82' lang='lat' dir='ltr'><strong>ris</strong></span> <span class='ocrx_word' id='word_1_87' title='bbox 368 1297 386 1325; x_wconf 87' lang='lat'>,</span> <span class='ocrx_word' id='word_1_88' title='bbox 401 1270 501 1335; x_wconf 84' lang='lat' dir='ltr'><strong>atq</strong></span> <span class='ocrx_word' id='word_1_89' title='bbox 507 1272 577 1312; x_wconf 86' lang='lat' dir='ltr'><strong>ue</strong></span> <span class='ocrx_word' id='word_1_90' title='bbox 590 1252 944 1321; x_wconf 81' lang='lat' dir='ltr'><strong>concubitus.</strong></span> <span class='ocrx_word' id='word_1_91' title='bbox 963 1250 1466 1328; x_wconf 75' lang='lat' dir='ltr'><strong>Qbuffiam,ab-</strong></span> 
     </span>
     <span class='ocr_line' id='line_1_17' title="bbox 276 1331 1462 1403; baseline 0.001 -12"><span class='ocrx_word' id='word_1_92' title='bbox 276 1331 527 1392; x_wconf 84' lang='lat' dir='ltr'><strong>sentium</strong></span> <span class='ocrx_word' id='word_1_93' title='bbox 566 1334 908 1391; x_wconf 81' lang='lat' dir='ltr'><strong>maritorum</strong></span> <span class='ocrx_word' id='word_1_94' title='bbox 994 1331 1197 1389; x_wconf 82' lang='lat' dir='ltr'><strong>omine</strong></span> <span class='ocrx_word' id='word_1_95' title='bbox 1220 1374 1238 1403; x_wconf 86' lang='lat'>,</span> <span class='ocrx_word' id='word_1_96' title='bbox 1270 1351 1328 1393; x_wconf 88' lang='lat' dir='ltr'><strong>re</strong></span> <span class='ocrx_word' id='word_1_97' title='bbox 1373 1354 1413 1392; x_wconf 88' lang='lat' dir='ltr'><strong>u</strong></span> <span class='ocrx_word' id='word_1_98' title='bbox 1429 1370 1462 1382; x_wconf 95' lang='lat'>-</span> 
     </span>
     <span class='ocr_line' id='line_1_18' title="bbox 280 1408 1464 1491; baseline 0 -20"><span class='ocrx_word' id='word_1_99' title='bbox 280 1410 446 1471; x_wconf 83' lang='lat' dir='ltr'><strong>dium</strong></span> <span class='ocrx_word' id='word_1_100' title='bbox 457 1409 572 1489; x_wconf 86' lang='lat' dir='ltr'><strong>ipse</strong></span> <span class='ocrx_word' id='word_1_101' title='bbox 586 1408 988 1491; x_wconf 82' lang='lat' dir='ltr'><strong>mifit,iuffitqu</strong></span> <span class='ocrx_word' id='word_1_102' title='bbox 1034 1409 1231 1469; x_wconf 64' lang='lat' dir='ltr'><strong>ina&amp;</strong></span> <span class='ocrx_word' id='word_1_103' title='bbox 1251 1428 1280 1466; x_wconf 91' lang='lat' dir='ltr'><strong>r</strong></span> <span class='ocrx_word' id='word_1_104' title='bbox 1365 1412 1464 1473; x_wconf 77' lang='lat' dir='ltr'><strong>tri.</strong></span> 
     </span>
     <span class='ocr_line' id='line_1_19' title="bbox 349 1485 1595 1569; baseline -0.002 -17"><span class='ocrx_word' id='word_1_105' title='bbox 349 1496 408 1552; x_wconf 89' lang='lat' dir='ltr'>X</span> <span class='ocrx_word' id='word_1_106' title='bbox 430 1496 482 1552; x_wconf 91' lang='lat' dir='ltr'><strong>X</strong></span> <span class='ocrx_word' id='word_1_107' title='bbox 496 1496 553 1551; x_wconf 89' lang='lat' dir='ltr'><strong>X</strong></span> <span class='ocrx_word' id='word_1_108' title='bbox 568 1494 619 1552; x_wconf 86' lang='lat' dir='ltr'>V</span> <span class='ocrx_word' id='word_1_109' title='bbox 637 1494 664 1550; x_wconf 90' lang='lat'>1</span> <span class='ocrx_word' id='word_1_110' title='bbox 683 1495 728 1550; x_wconf 92' lang='grc' dir='ltr'><strong>Ι.</strong></span> <span class='ocrx_word' id='word_1_111' title='bbox 792 1486 1099 1568; x_wconf 82' lang='lat' dir='ltr'><strong>Nepotinis</strong></span> <span class='ocrx_word' id='word_1_112' title='bbox 1134 1485 1462 1569; x_wconf 74' lang='lat' dir='ltr'><strong>sumptibus</strong></span> <span class='ocrx_word' id='word_1_113' title='bbox 1594 1535 1595 1564; x_wconf 27' lang='grc' dir='ltr'>ἢ</span> 
     </span>
     <span class='ocr_line' id='line_1_20' title="bbox 281 1565 1595 1676; baseline 0.001 -48"><span class='ocrx_word' id='word_1_114' title='bbox 281 1568 558 1628; x_wconf 79' lang='lat' dir='ltr'><strong>omnium</strong></span> <span class='ocrx_word' id='word_1_115' title='bbox 593 1567 970 1649; x_wconf 80' lang='lat' dir='ltr'><strong>prodigorum</strong></span> <span class='ocrx_word' id='word_1_116' title='bbox 1013 1567 1243 1647; x_wconf 81' lang='lat' dir='ltr'><strong>ingenia</strong></span> <span class='ocrx_word' id='word_1_117' title='bbox 1280 1565 1418 1648; x_wconf 86' lang='lat' dir='ltr'><strong>supe</strong></span> <span class='ocrx_word' id='word_1_118' title='bbox 1433 1607 1466 1619; x_wconf 94' lang='lat'><em>-</em></span> <span class='ocrx_word' id='word_1_119' title='bbox 1594 1607 1595 1676; x_wconf 32' lang='grc'>1</span> 
     </span>
     <span class='ocr_line' id='line_1_21' title="bbox 280 1643 1471 1710; baseline 0 -6"><span class='ocrx_word' id='word_1_120' title='bbox 280 1646 426 1704; x_wconf 79' lang='lat' dir='ltr'><strong>rauit</strong></span> <span class='ocrx_word' id='word_1_121' title='bbox 446 1667 461 1704; x_wconf 89' lang='lat'><strong>:</strong></span> <span class='ocrx_word' id='word_1_122' title='bbox 496 1663 863 1704; x_wconf 87' lang='lat' dir='ltr'><strong>commentus</strong></span> <span class='ocrx_word' id='word_1_123' title='bbox 881 1663 1106 1704; x_wconf 85' lang='lat' dir='ltr'><strong>nouum</strong></span> <span class='ocrx_word' id='word_1_124' title='bbox 1125 1643 1471 1710; x_wconf 76' lang='lat' dir='ltr'><strong>balnearum·</strong></span> 
     </span>
     <span class='ocr_line' id='line_1_22' title="bbox 281 1683 1596 1806; baseline 0.001 -22"><span class='ocrx_word' id='word_1_125' title='bbox 281 1724 451 1784; x_wconf 79' lang='lat' dir='ltr'><strong>vsum</strong></span> <span class='ocrx_word' id='word_1_126' title='bbox 482 1767 501 1796; x_wconf 78' lang='lat'>,</span> <span class='ocrx_word' id='word_1_127' title='bbox 521 1721 992 1803; x_wconf 69' lang='lat' dir='ltr'><strong>portentosissima</strong></span> <span class='ocrx_word' id='word_1_128' title='bbox 1028 1741 1232 1805; x_wconf 84' lang='lat' dir='ltr'><strong>genera</strong></span> <span class='ocrx_word' id='word_1_129' title='bbox 1275 1724 1410 1785; x_wconf 84' lang='lat' dir='ltr'><strong>cibo</strong></span> <span class='ocrx_word' id='word_1_130' title='bbox 1427 1761 1457 1773; x_wconf 86' lang='lat'>-</span> <span class='ocrx_word' id='word_1_131' title='bbox 1593 1683 1596 1806; x_wconf 54' lang='lat'><strong><em>⁴</em></strong></span> 
     </span>
     <span class='ocr_line' id='line_1_23' title="bbox 280 1799 1462 1884; baseline -0.006 -22"><span class='ocrx_word' id='word_1_132' title='bbox 280 1821 639 1884; x_wconf 83' lang='lat' dir='ltr'><strong>rum,atque</strong></span> <span class='ocrx_word' id='word_1_133' title='bbox 651 1821 984 1883; x_wconf 79' lang='lat' dir='ltr'><strong>coenarurn:</strong></span> <span class='ocrx_word' id='word_1_134' title='bbox 1013 1819 1076 1858; x_wconf 79' lang='lat' dir='ltr'><strong>vt</strong></span> <span class='ocrx_word' id='word_1_135' title='bbox 1088 1799 1364 1861; x_wconf 81' lang='lat' dir='ltr'><strong>calidisfri</strong></span> <span class='ocrx_word' id='word_1_136' title='bbox 1409 1807 1462 1855; x_wconf 72' lang='lat'><strong>‘-</strong></span> 
     </span>
     <span class='ocr_line' id='line_1_24' title="bbox 284 1880 1462 1964; baseline 0 -25"><span class='ocrx_word' id='word_1_137' title='bbox 284 1880 483 1964; x_wconf 85' lang='lat' dir='ltr'><strong>disque</strong></span> <span class='ocrx_word' id='word_1_138' title='bbox 493 1882 793 1964; x_wconf 81' lang='lat' dir='ltr'><strong>vnguentis</strong></span> <span class='ocrx_word' id='word_1_139' title='bbox 803 1882 1107 1939; x_wconf 81' lang='lat' dir='ltr'><strong>lauaretur:</strong></span> <span class='ocrx_word' id='word_1_140' title='bbox 1128 1881 1320 1958; x_wconf 86' lang='lat' dir='ltr'><strong>&#39;precio</strong></span> <span class='ocrx_word' id='word_1_141' title='bbox 1434 1919 1462 1932; x_wconf 90' lang='lat'>-</span> 
     </span>
     <span class='ocr_line' id='line_1_25' title="bbox 284 1957 1462 2041; baseline 0 -21"><span class='ocrx_word' id='word_1_142' title='bbox 284 1979 415 2020; x_wconf 82' lang='lat' dir='ltr'><strong>mas</strong></span> <span class='ocrx_word' id='word_1_143' title='bbox 439 1961 765 2041; x_wconf 77' lang='lat' dir='ltr'><strong>margaritas</strong></span> <span class='ocrx_word' id='word_1_144' title='bbox 787 1975 950 2018; x_wconf 83' lang='lat' dir='ltr'><strong>aceto</strong></span> <span class='ocrx_word' id='word_1_145' title='bbox 982 1957 1316 2039; x_wconf 69' lang='lat' dir='ltr'><strong>liquefastas</strong></span> <span class='ocrx_word' id='word_1_146' title='bbox 1335 1960 1462 2021; x_wconf 83' lang='lat' dir='ltr'><strong>sor-</strong></span> 
     </span>
     <span class='ocr_line' id='line_1_26' title="bbox 287 2035 1458 2118; baseline 0.003 -24"><span class='ocrx_word' id='word_1_147' title='bbox 287 2035 445 2096; x_wconf 82' lang='lat' dir='ltr'><strong>beret</strong></span> <span class='ocrx_word' id='word_1_148' title='bbox 459 2060 473 2095; x_wconf 87' lang='lat'>:</span> <span class='ocrx_word' id='word_1_149' title='bbox 489 2037 751 2096; x_wconf 84' lang='lat' dir='ltr'><strong>conuiuis</strong></span> <span class='ocrx_word' id='word_1_150' title='bbox 776 2057 846 2112; x_wconf 61' lang='lat' dir='ltr'><strong>eg</strong></span> <span class='ocrx_word' id='word_1_151' title='bbox 859 2056 996 2094; x_wconf 84' lang='lat' dir='ltr'><strong>auro</strong></span> <span class='ocrx_word' id='word_1_152' title='bbox 1061 2055 1194 2095; x_wconf 84' lang='lat' dir='ltr'><strong>anes</strong></span> <span class='ocrx_word' id='word_1_153' title='bbox 1211 2045 1266 2098; x_wconf 83' lang='lat'>&amp;</span> <span class='ocrx_word' id='word_1_154' title='bbox 1281 2039 1458 2118; x_wconf 84' lang='lat' dir='ltr'><strong>opso-</strong></span> 
     </span>
     <span class='ocr_line' id='line_1_27' title="bbox 282 2109 1458 2196; baseline 0.005 -24"><span class='ocrx_word' id='word_1_155' title='bbox 282 2109 727 2192; x_wconf 73' lang='lat' dir='ltr'><strong>sfiaapponeret,</strong></span> <span class='ocrx_word' id='word_1_156' title='bbox 738 2131 839 2172; x_wconf 86' lang='lat' dir='ltr'><strong>aut</strong></span> <span class='ocrx_word' id='word_1_157' title='bbox 849 2112 1016 2196; x_wconf 81' lang='lat' dir='ltr'><strong>frugi·</strong></span> <span class='ocrx_word' id='word_1_158' title='bbox 1057 2115 1321 2174; x_wconf 81' lang='lat' dir='ltr'><strong>ominem</strong></span> <span class='ocrx_word' id='word_1_159' title='bbox 1349 2115 1458 2178; x_wconf 79' lang='lat' dir='ltr'><strong>effe</strong></span> 
     </span>
     <span class='ocr_line' id='line_1_28' title="bbox 288 2189 1454 2275; baseline 0.006 -28"><span class='ocrx_word' id='word_1_160' title='bbox 288 2191 549 2267; x_wconf 78' lang='lat' dir='ltr'><strong>oportere</strong></span> <span class='ocrx_word' id='word_1_161' title='bbox 560 2189 839 2262; x_wconf 62' lang='lat' dir='ltr'><strong>distioensg</strong></span> <span class='ocrx_word' id='word_1_162' title='bbox 853 2207 952 2248; x_wconf 83' lang='lat' dir='ltr'><strong>aut</strong></span> <span class='ocrx_word' id='word_1_163' title='bbox 972 2189 1263 2251; x_wconf 69' lang='lat' dir='ltr'><strong>Caesarem.</strong></span> <span class='ocrx_word' id='word_1_164' title='bbox 1285 2195 1454 2275; x_wconf 76' lang='lat' dir='ltr'><strong>Qu</strong></span> 
     </span>
     <span class='ocr_line' id='line_1_29' title="bbox 291 2267 1454 2334; baseline 0.009 -10"><span class='ocrx_word' id='word_1_165' title='bbox 291 2273 350 2324; x_wconf 73' lang='grc' dir='ltr'><strong>δι</strong></span> <span class='ocrx_word' id='word_1_166' title='bbox 374 2283 655 2322; x_wconf 82' lang='lat' dir='ltr'><strong>nummos</strong></span> <span class='ocrx_word' id='word_1_167' title='bbox 682 2286 807 2324; x_wconf 83' lang='lat' dir='ltr'><strong>non</strong></span> <span class='ocrx_word' id='word_1_168' title='bbox 829 2267 1132 2326; x_wconf 77' lang='lat' dir='ltr'><strong>mediocris</strong></span> <span class='ocrx_word' id='word_1_169' title='bbox 1153 2268 1396 2332; x_wconf 74' lang='lat' dir='ltr'><strong>summa:</strong></span> <span class='ocrx_word' id='word_1_170' title='bbox 1417 2293 1454 2334; x_wconf 85' lang='lat' dir='ltr'><strong>e</strong></span> 
     </span>
    </p>
   </div>
   <div class='ocr_carea' id='block_1_3' title="bbox 284 2337 1550 2430">
    <p class='ocr_par' dir='ltr' id='par_1_3' title="bbox 284 2337 1550 2430">
     <span class='ocr_line' id='line_1_30' title="bbox 284 2337 1550 2430; baseline 0.013 -30"><span class='ocrx_word' id='word_1_171' title='bbox 284 2338 511 2424; x_wconf 60' lang='lat' dir='ltr'><strong>fastigio</strong></span> <span class='ocrx_word' id='word_1_172' title='bbox 522 2337 751 2402; x_wconf 79' lang='lat' dir='ltr'><strong>bafilicae</strong></span> <span class='ocrx_word' id='word_1_173' title='bbox 776 2342 935 2427; x_wconf 66' lang='lat' dir='ltr'><strong>Iuliae</strong></span> <span class='ocrx_word' id='word_1_174' title='bbox 949 2360 1053 2429; x_wconf 64' lang='lat' dir='ltr'><strong>per</strong></span> <span class='ocrx_word' id='word_1_175' title='bbox 1073 2346 1300 2430; x_wconf 61' lang='lat' dir='ltr'><strong>{liquot</strong></span> <span class='ocrx_word' id='word_1_176' title='bbox 1316 2350 1458 2414; x_wconf 71' lang='lat' dir='ltr'><strong>-dies</strong></span> <span class='ocrx_word' id='word_1_177' title='bbox 1545 2419 1550 2424; x_wconf 72' lang='grc'>,</span> 
     </span>
    </p>
   </div>
  </div>
 </body>
</html>
