1631 2994
345 142 476 206 290
764 116 1172 189 'CArvs

340 238 530 322 ipsum
547 235 647 296 fibi
658 254 864 298 manus
883 237 1125 298 intuliffe
1139 283 1156 312 ,
1169 237 1380 297 nuntio
1393 245 1524 299 ωας

342 320 411 383 1ae
428 336 637 401 pugnae
650 319 1028 397 perterritum.

420 402 511 473 1,‚1
530 403 578 458 Ι.
610 392 830 456 Vestitu
843 397 1241 477 calceatuque,
1257 403 1314 456 &
1340 416 1520 457 cetero

342 474 577 546 habitu,
614 494 687 533 ne
732 477 994 555 uepattio
1019 495 1244 557 ,neque
1257 476 1435 547 ciuili,
1457 496 1522 535 ac

342 574 419 617 ne
430 552 575 611 virili
592 496 832 636 quidem
855 574 951 629 ‚ac
965 552 1215 635 denique
1238 552 1520 626 humano,

344 633 564 711 semper
590 628 713 693 vsus
746 630 844 693 est.
887 636 1050 713 Saepe
1078 631 1327 713 depistas
1357 652 1518 715 gem-

342 707 635 793 rnatasque
656 710 892 771 indutus
901 710 1152 790 paenulas
1185 754 1204 783 ,
1231 711 1525 771 manulea-

345 806 437 848 tus
450 797 505 849 &
518 789 830 850 armillatus
854 792 916 847 in
930 789 1230 868 publicum
1285 787 1516 849 roceffit:

343 867 657 951 aliquando
680 865 934 927 fericatus
951 912 970 939 ,
1001 876 1056 927 &
1085 867 1238 945 cycla
1275 886 1434 928 atus:
1459 888 1521 927 ac

348 946 535 1006 modo
560 948 623 1005 in
637 946 872 1025 crepidis
887 946 974 1005 vel
991 944 1281 1005 cothurnis
1295 988 1312 1017 ,
1343 947 1520 1005 modo

346 1025 411 1083 in
448 1024 807 1105 speculatoria
841 1025 1022 1107 caliga
1047 1069 1066 1098 ,
1094 1044 1520 1107 nonnunquam

344 1101 511 1164 socco
538 1103 801 1163 muliebri
836 1128 850 1165 ε
886 1103 1230 1185 plerumque
1257 1124 1390 1161 vero
1422 1124 1519 1163 au-

348 1182 440 1243 te'a
452 1180 637 1261 barba„
647 1179 869 1243 fulmen
886 1201 1082 1241 tenens
1100 1226 1118 1254 ,
1133 1202 1199 1239 ac
1224 1177 1522 1254 fuscinam,

348 1279 448 1319 aut
463 1258 801 1332 caduceum,
813 1260 1052 1320 deornm
1063 1257 1305 1397 infipnia
1318 1305 1337 1333 ,
1352 1279 1523 1343 atque

346 1339 523 1399 etiam
550 1340 795 1400 -Veneris
847 1338 1006 1399 cultu
1051 1358 1164 1397 ton
1183 1340 1382 1417 pestus
1431 1338 1522 1399 est.

349 1416 796 1499 Triumphalem
812 1415 1050 1500 quidem
1065 1433 1332 1475 ornatum
1355 1419 1525 1476 etiam
1594 1458 1595 1465 κ

346 1516 482 1558 ante
524 1495 943 1577 expeditionem
981 1494 1189 1557 affidue
1211 1492 1523 1633 d{iestanitz
1591 1543 1593 1567 l

345 1575 634 1634 interdum
662 1583 716 1635 δε
749 1576 956 1658 Magni
997 1575 1208 1635 Alexan
1325 1573 1528 1634 thora-

348 1673 479 1714 cem
509 1651 813 1735 repetitum
840 1674 871 1712 e
900 1652 1222 1714 conditorio
1236 1654 1373 1713 eius·

414 1737 608 1795 LIII.
654 1737 697 1792 E
727 1729 820 1792 dis
841 1733 852 1743 ”
899 1731 1356 1790 linisliberalibus
1389 1734 1523 1792 mi·
1585 1787 1587 1790 Α

348 1811 586 1871 nimum
604 1810 841 1870 eruditio
883 1831 904 1868 ι
941 1855 961 1882 ,
986 1811 1324 1892 eloquentia:
1353 1811 1532 1890 pluri-

346 1909 524 1949 mum
550 1888 822 1961 attendit,
851 1890 1224 1971 quantumuis
1247 1884 1527 1949 facundus

334 1975 409 2026 -δε
433 1985 736 2047 promptus
758 1968 983 2050 :vtique
1007 1966 1046 2025 fi
1058 1966 1448 2046 perorandum
1474 1970 1532 2025 in

349 2043 466 2126 aliq
474 2066 605 2105 uem
618 2043 747 2104 esset
762 2091 782 2118 ,
806 2047 950 2105 irato
971 2053 1026 2106 &
1042 2045 1208 2104 verba
1221 2053 1276 2105 δι
1307 2042 1531 2106 senten·

341 2121 445 2190 tiae
459 2121 848 2203 suppetebant:
881 2124 1274 2204 pronuntiatio
1287 2143 1418 2206 quo
1467 2144 1532 2184 ue

350 2209 408 2261 δε
424 2218 533 2258 vox
548 2245 566 2272 ‚
584 2220 643 2260 vt
656 2221 846 2284 neque
871 2199 1077 2262 eodem
1105 2201 1342 2282 lociprae
1359 2221 1430 2262 at
1467 2225 1526 2262 o-

334 2299 407 2348 ‘re
437 2278 785 2353 consisteret,
817 2289 871 2341 &
893 2280 1240 2339 exaudiretur
1267 2300 1304 2338 a
1321 2282 1530 2362 ‘procul

348 2355 640 2420 stantibus.
677 2362 1026 2417 Peroraturus
1037 2355 1360 2418 stristurum
1382 2359 1532 2422 selu-

347 2430 690 2518 cubra'tioni‘s
716 2431 826 2514 sug
849 2435 1028 2496 telum
1057 2435 1390 2499 minabatur
1405 2461 1434 2500 τ-
1455 2440 1527 2500 le·

1589 1625 1591 1665 1

1587 1707 1590 1762 ἱ
