1631 2994
492 87 1073 169 νιτΕι-ῐζινε.
1232 99 1370 190 '453‘

163 205 443 286 cefastos‘,
467 213 620 275 vario
652 213 1087 296 genere-fraudis
1116 216 1347 278 occidit:

161 293 340 353 e'tiam
355 312 535 351 vnum
556 313 777 351 veneno
790 314 971 353 manu
983 294 1076 353 sua
1090 297 1350 373 porrecto

159 374 226 429 in
240 391 406 451 aquae
417 368 632 453 frigidae
651 366 925 451 potione',
942 393 1121 454 quam
1135 374 1182 430 is
1194 373 1347 435 ‘affe-

163 454 291 509 &us
321 447 472 509 febre
499 448 847 529 poposcerat.
881 458 1041 512 Tum
1071 450 1350 513 fenerato-

159 547 298 587 rum
335 536 388 587 δε
411 526 811 607 stipulatorum
830 528 1297 610 -publicanorum
1316 560 1345 582 -ι

164 608 440 689 que,qui
472 626 730 696 vnquam
760 604 817 666 se
843 625 943 667 aut
956 609 1160 671 Romae
1189 609 1350 669 debis·

161 701 293 745 tum
315 729 331 755 ,
349 702 445 743 aut
461 686 524 743 in
536 705 626 743 vna
641 687 967 765 portorium
994 687 1349 769 flagitaffent,

160 764 256 821 vix
273 762 370 827 vlli
437 765 662 845 epercit.
693 770 769 824 Ex
785 765 999 845 quibus
1025 766 1347 848 quemdam

155 842 222 900 in
237 840 350 931 ipsa
397 844 709 903 alutat'ione
731 841 1007 923 supplicio
1037 844 1303 905 traditum
1327 890 1349 919 ,

157 918 470 1003 statimque
481 940 815 981 reuocatum
836 923 1053 998 cunstis
1086 923 1347 983 clemen-

157 1000 300 1059 tiam
329 1000 685 1059 laudantibus
705 1044 724 1073 ,
745 1020 941 1061 coram
965 999 1204 1062 interfici
1232 1003 1345 1061 iuss·

157 1076 223 1137 fit
240 1123 259 1151 ,
275 1079 416 1138 velle
429 1077 484 1139 se
496 1078 688 1139 dicens
712 1078 929 1159 pascere
954 1080 1155 1139 oculos
1170 1104 1185 1141 ε
1201 1081 1342 1143 ειῙῑεὲ

151 1158 270 1217 rius
282 1176 472 1239 poenae
501 1157 645 1218 duos
661 1156 804 1218 filios
836 1158 1039 1219 adiecit
1060 1159 1343 1238 deprecari

153 1253 262 1317 pro
291 1254 447 1315 patre
461 1257 717 1298 conatoS.
739 1237 855 1300 Sed
872 1246 925 1297 &
944 1238 1199 1316 equitem
1216 1246 1341 1303 Ro-

151 1334 398 1377 manum
411 1316 891 1395 proclamantem,
909 1335 1043 1375 cum
1062 1334 1341 1396 raperetur
1368 1352 1375 1357 -

152 1394 228 1453 ad
256 1413 534 1474 poenam,
564 1400 738 1454 Heres
765 1415 934 1455 meus
964 1415 1054 1470 es3
1085 1394 1343 1459 exhibere

157 1470 481 1537 testamenti
509 1474 723 1534 tabulas
750 1474 941 1557 coegit
958 1497 974 1534 ε
990 1492 1171 1558 vtque
1196 1475 1339 1564 legit

151 1551 493 1616 coheredem
535 1553 635 1614 fibi
671 1553 943 1613 libertum
996 1555 1113 1612 eius
1134 1552 1339 1613 adscri-

145 1649 320 1712 ptum
341 1674 358 1701 ,
375 1634 612 1714 iugulari
631 1653 768 1693 cum
795 1632 999 1692 liberto
1013 1634 1336 1711 imperauit.

150 1709 452 1790 Qosdam
475 1719 530 1770 &
543 1711 612 1770 de
625 1711 792 1789 plebe
807 1711 885 1792 ob
898 1709 1145 1790 idipsum
1155 1713 1337 1792 ,quod

148 1797 380 1849 Venetae
393 1786 628 1850 fastioni
648 1789 788 1849 clare
799 1789 1223 1860 maledixerant,
1238 1789 1335 1846 in-

148 1870 377 1928 teremit
395 1889 410 1926 :
429 1875 770 1944 contempni
787 1867 868 1924 sui
886 1911 905 1939 ,
918 1875 972 1926 δι
991 1887 1145 1925 noua
1169 1865 1263 1945 spe
1278 1867 1340 1926 id

146 1944 312 2004 ausos
326 1947 607 2025 opinatus.
629 1944 821 2006 Nullis
842 1963 1037 2004 tamen
1050 1941 1340 2024 infensior,

145 2043 332 2108 quam
347 2023 655 2083 vernaculis
671 2067 687 2094 ,
705 2031 760 2081 &
779 2022 1219 2082 ·mathematici's
1232 2067 1249 2095 ,
1274 2043 1336 2083 vt

141 2102 394 2187 quisque
423 2097 723 2163 deferretur
757 2145 774 2173 ,
803 2101 1128 2161 inauditum
1156 2104 1338 2179 capite

141 2181 438 2266 puniebat.
469 2178 834 2241 Exacerbatus
852 2225 870 2252 ,
888 2179 1052 2261 quod
1064 2179 1193 2259 post
1210 2179 1335 2240 edi-

141 2265 304 2321 stum
321 2258 523 2331 suum„
538 2257 676 2340 “qno
696 2256 928 2317 iubebat
943 2259 1091 2316 intra
1126 2259 1335 2320 Kalen-

136 2340 238 2400 das
269 2339 540 2399 oaobtis
577 2334 758 2410 Vrbe,
797 2336 1075 2419 Italiaque
1108 2333 1335 2396 mathe-

133 2418 340 2482 matici
359 2415 693 2498 ‘excederent
718 2459 740 2489 ‚
771 2414 965 2477 stetim
1004 2415 1227 2476 libellus
1253 2413 1334 2476 est
1405 2443 1409 2448 ·

1457 27 1504 45 s
