1631 2994
255 224 533 266 eoronam
545 204 832 270 recussuit.
860 213 946 270 Ac
962 227 1037 268 ne
1050 214 1141 272 Au
1184 204 1463 290 usti.qui-'

251 285 390 346 dem
428 303 654 347 nomen
682 323 708 358 -‚
748 306 1117 370 quamquam
1190 286 1407 347 eredita
1426 321 1463 338 ‹-

249 364 428 434 rium,
445 363 570 423 vllis
583 409 602 437 ,
617 363 721 424 nifi
741 365 817 426 ad
832 386 991 450 reges
1016 387 1084 427 ac
1100 363 1363 446 dynastas
1391 388 1458 428 e·
1520 435 1523 438 ⁴

189 483 193 488 -
250 441 472 523 pistolis
505 441 737 505 addidit.
790 448 927 508 Nec
966 447 1223 526 amplius
1256 465 1458 528 quarn

249 523 500 580 omnino
527 541 634 582 tres
648 520 967 584 consulatus
985 569 1005 599 ‚
1033 545 1217 586 vnum
1245 526 1485 604 paucis·

251 585 450 666 diebus
472 643 490 670 ,
508 601 747 662 alterum
768 603 950 662 tribus
974 603 1259 664 mensibus
1274 647 1293 675 ‚
1332 621 1456 662 ter-
1506 605 1511 609 ’

249 682 402 817 ἕψῃ
433 678 626 742 absens
651 679 827 764 vsque
848 683 913 740 in
946 682 1080 746 Idus
1108 683 1292 746 Maia‘s
1322 681 1452 768 gess
1502 683 1535 706 ⁰

295 779 342 818 t.
1340 779 1351 788 ··

325 845 383 902 X
401 846 527 910 XV
547 845 576 902 1
595 842 640 902 1.
671 833 1039 904 Adulationes
1054 837 1197 899 adeo
1224 836 1450 901 auersa-

249 936 338 976 tus
354 917 432 978 est
449 966 466 992 ,
483 937 542 978 vt
552 921 851 980 neminem
863 917 1181 980 senatorum
1198 935 1292 978 aut
1304 915 1444 978 offi-

249 997 324 1054 cii
338 1015 434 1057 aut
461 1001 682 1080 negotii
711 996 868 1058 causa
896 995 968 1056 ad
992 999 1249 1060 leeticam
1271 994 1437 1053 suam

242 1074 554 1136 admiserit:
571 1077 923 1138 consularem
942 1097 1076 1138 vero
1103 1071 1438 1137 fitisfacien·
1492 1095 1504 1102 ·

243 1171 366 1214 tem
393 1154 490 1214 fibi
505 1200 524 1228 ,
535 1175 602 1214 ac
614 1175 717 1238 per
727 1155 916 1239 genua
926 1176 1085 1216 orare
1100 1171 1436 1226 conantem,

240 1232 324 1292 ita
337 1230 622 1317 suffugerit
637 1280 656 1307 ,
670 1252 732 1294 vt
746 1233 963 1295 caderet
982 1232 1214 1316 supinus
1236 1249 1443 1314 :atque
1526 1277 1531 1282 Δ

243 1329 300 1370 et
309 1312 426 1372 iam
443 1311 481 1374 fi
497 1313 639 1395 quid
665 1314 728 1374 in
742 1310 1003 1376 sermone
1022 1315 1141 1387 ,vel
1172 1315 1232 1372 in
1260 1312 1442 1372 conti:-

239 1409 358 1449 nua
381 1392 636 1476 oratione
665 1391 925 1454 blandius
952 1392 1024 1453 de
1052 1391 1106 1452 se
1123 1392 1395 1454 diceretur
1420 1435 1445 1464 ,

241 1487 364 1529 non
382 1468 662 1531 dubitaret
683 1471 1124 1553 interpellare,ac
1136 1468 1439 1553 reprehen-

239 1546 370 1609 dere
385 1594 402 1623 ‚
417 1558 471 1609 δε
488 1569 851 1610 commutare
876 1552 1176 1613 continuo,
1213 1550 1426 1613 Domi-

239 1644 348 1685 nus
365 1628 674 1709 appellatus
691 1649 725 1687 a
749 1630 1015 1713 quodam
1035 1674 1055 1705 ,
1080 1629 1435 1691 denuntiauit

237 1726 314 1765 ne
327 1704 638 1785 seamplius
657 1710 1020 1769 contumelia:
1046 1708 1203 1771 causa
1232 1710 1433 1767 nomi-

233 1804 410 1847 naret.
427 1786 622 1849 Alium
641 1786 927 1849 dicentem
939 1832 956 1859 ,
983 1794 1175 1851 sacras
1194 1788 1311 1847 eius
1332 1808 1433 1847 oc-

238 1866 574 1944 cupationes
606 1885 623 1923 t
659 1874 714 1927 δε
741 1864 919 1925 rursus
952 1868 1131 1927 alium
1150 1912 1169 1940 ,
1190 1868 1431 1931 Auetore
1513 1890 1519 1895 ·

237 1963 308 2001 eo
326 1941 582 2005 senatum
597 1942 652 2005 se
674 1942 865 2005 adiiss'e
878 1980 895 2021 3
908 1946 1075 2007 verba
1093 1965 1314 2006 mutare
1329 1990 1348 2019 ,
1374 1954 1428 2006 8(

231 2038 339 2157 {ro
368 2024 626 2096 auctore,
654 2020 966 2089 suasorem:
992 2044 1097 2107 pro
1127 2025 1286 2087 sacris
1304 2070 1322 2099 ,
1345 2024 1430 2083 la-

281 2100 484 2158 oriofits
497 2100 678 2163 dicere
709 2120 820 2163 coe
859 2102 917 2165 ‘t.
1096 2140 1101 2145 ·
1455 2106 1459 2113 ⁵

309 2184 368 2240 X
383 2184 440 2241 X
455 2185 506 2239 V
523 2186 550 2240 Ι
570 2186 600 2241 Ι
621 2184 668 2241 1.
691 2186 790 2242 -Se
872 2180 1130 2243 aduersus
1170 2180 1425 2243 conuicia

229 2256 530 2338 malosque
571 2278 831 2321 rumores
856 2268 912 2321 &
951 2258 1167 2321 famosa
1191 2262 1260 2320 de
1284 2259 1333 2320 st.
1358 2281 1421 2319 ac

231 2330 340 2393 suis
353 2336 606 2394 earmina
632 2335 829 2397 firmus
854 2360 921 2401 ac
945 2342 1161 2418 patiens
1188 2386 1207 2413 ,
1237 2338 1419 2399 subin-

235 2409 303 2473 de
330 2412 699 2501 instabatyin
723 2416 953 2478 ciuitate
974 2418 1146 2481 libera
1162 2420 1417 2504 linguam
1498 2449 1505 2453 ·

256 109 401 165 200
651 95 1151 168 Txnmuvs

1606 445 1608 482 A
