1631 2994
340 248 347 253 ,
378 166 441 235 Α
466 186 517 236 v
544 188 588 233 e
612 186 661 237 v
682 186 712 233 s
733 185 775 239 τ
800 186 850 234 v
876 188 932 232 s.
1181 188 1268 249 99

97 276 285 339 τοι-[ιιι
304 294 373 336 ac
387 272 659 365 fatengem
690 272 1029 349 nihil‚iuffit
1058 275 1282 347 occidi,

94 360 247 440 prius
298 352 483 415 oculis
524 374 643 413 ems
697 354 793 413 sua
837 374 1020 414 manu
1063 351 1281 417 effoffis.

99 455 281 521 quem
309 452 508 495 tamen
538 430 727 493 scribit
768 433 1064 517 colloquio
1101 433 1282 513 petito

96 512 427 575 infidiamm
452 509 589 584 fibi,
614 511 1062 595 coniestumque
1081 533 1117 570 a
1141 510 1194 571 se
1220 513 1284 569 in

100 582 445 663 custodiam,
461 588 668 652 deinde
691 588 848 653 Vrbe
872 588 1166 649 interdiaa
1193 591 1285 648 di-

98 668 368 739 mnsam,
399 664 705 759 naufragio
725 668 811 727 vel
841 668 1132 728 latronum
1158 666 1285 726 infi-

98 752 205 811 diis
238 745 477 829 ‘periiss'e
516 752 573 808 T
571 746 905 805 nbunitiam
985 744 1283 811 ,otelbtem

98 844 437 921 perpetuam
456 827 696 907 reecpit:
715 825 773 883 in
797 844 913 906 qua
950 826 1096 885 emel
1111 844 1168 885 at
1215 846 1287 883 ue

99 926 317 968 lterum
328 922 429 985 per
441 900 656 987 fingula
668 897 840 979 lustra
867 904 1152 985 collegam
1207 904 1282 960 nbi

99 983 419 1071 cooptaujt.
448 982 691 1063 ‘Recepit
718 990 1022 1041 &motum
1052 982 1285 1065 legum-

101 1085 219 1146 que
246 1068 503 1143 regxme'n
544 1080 709 1141 aeque
744 1078 1081 1141 perpetuum
1121 1085 1134 1119 :
1165 1080 1286 1143 quo

98 1146 219 1201 iure
244 1178 263 1207 ‚
278 1156 642 1221 quamquam
670 1138 783 1197 fine
794 1136 1030 1198 censurae
1045 1138 1286 1211 honore,

100 1217 335 1297 censum
348 1235 545 1276 tamen
553 1217 757 1298 populi
771 1233 853 1276 ter
865 1217 981 1301 egit
1001 1221 1288 1297 :primum

104 1320 173 1359 ac
184 1315 243 1357 te
296 1296 307 1307 ’
436 1315 573 1359 cum
588 1292 828 1377 collega,⁴
843 1296 1102 1355 medium
1117 1295 1280 1355 solus,

168 1384 229 1441 X
395 1380 423 1435 1
443 1380 471 1435 1
491 1379 536 1435 1.
580 1380 675 1435 De
698 1371 982 1433 reddenda
1007 1374 1291 1455 republica

104 1455 194 1516 bis
222 1452 502 1537 cogitauit
538 1478 553 1515 z
581 1454 772 1534 primo
800 1450 930 1533 post
966 1469 1041 1534 op
1085 1448 1289 1512 reffum

103 1535 302 1596 statim
328 1533 655 1594 Antonium
682 1577 701 1606 ,
730 1551 962 1590 memor
994 1553 1030 1590 o
1074 1531 1292 1590 iestum

102 1611 177 1671 ab
195 1632 267 1674 eo
294 1608 394 1670 fibi
420 1608 615 1692 saepius
639 1656 658 1683 ‚
688 1607 845 1693 qu'afi
913 1631 968 1668 er
979 1609 1166 1692 ipsum
1182 1609 1294 1670 sta·

106 1711 195 1753 ret
210 1711 288 1750 ne
314 1687 631 1750 redderetur
647 1712 662 1748 t
676 1709 741 1747 ac
770 1709 866 1747 rur
888 1707 952 1746 us
970 1689 1136 1748 taedio
1165 1687 1291 1746 diu-

104 1789 289 1832 turnae
317 1764 652 1828 valetudinis
686 1789 701 1826 z
730 1787 867 1826 cum
898 1767 1068 1826 etiam
1106 1765 1295 1846 magi-

106 1845 373 1924 stratibus
402 1863 469 1905 ac
494 1845 683 1906 senatu
710 1843 960 1904 domum
985 1845 1176 1903 accitis
1204 1863 1296 1902 ra-

106 1925 423 1986 tionarium
446 1924 676 2004 imperii
702 1921 945 1982 tradidit.
987 1922 1099 1984 Sed
1127 1939 1296 2004 repu-

106 2024 237 2064 tans
265 2011 322 2064 ὃ(
349 2001 401 2064 se
432 2001 725 2082 priuatum
754 1997 1017 2061 n0n=sme
1043 2000 1292 2080 periculo

106 2081 233 2142 fore
252 2126 271 2154 ,
288 2090 347 2142 &
366 2079 528 2140 illam
552 2079 801 2161 plurium
827 2078 1056 2138 arbitrio
1089 2097 1298 2138 temere

111 2157 413 2222 committi
431 2202 450 2232 ,
475 2160 539 2217 in
579 2157 866 2218 retinenda
893 2155 1258 2239 perseuerauit
1279 2201 1298 2226 ‚

110 2239 365 2299 dubium
396 2255 606 2298 euentu
634 2235 874 2296 meliore
904 2257 978 2294 an
993 2235 1300 2302 voluntate,

112 2321 322 2404 Qam
340 2315 695 2375 voluntatem
714 2333 851 2396 eum
864 2331 980 2402 prae
995 2313 1046 2374 se
1068 2315 1302 2373 idemti-

112 2393 483 2466 dem'ferret‚
511 2393 769 2476 quodam
805 2411 978 2452 enam
1006 2393 1190 2452 ediao
1217 2393 1305 2452 his

112 2475 304 2538 verbis
338 2470 569 2534 testatus
589 2471 698 2534 est:
721 2477 805 2534 Im
827 2471 973 2532 mihi
997 2471 1210 2532 saluam
1237 2491 1304 2530 ac

925 2555 968 2612 E
1021 2551 1041 2606 i
1043 2553 1065 2621 j
