1631 2994
528 100 1108 204 rAvevsruvs.
1303 119 1406 185 ¹¹9

174 270 190 279 ,
208 203 353 271 sum
372 212 503 275 deni
553 235 620 274 ue
636 234 868 297 genuso
911 234 1028 273 cras
1045 214 1266 298 aliquas
1293 232 1410 305 pu·-

132 305 143 315 ·
207 293 379 351 blico
418 236 733 373 spesshculo
770 312 880 372 prae
953 295 1144 352 ntium
1178 337 1196 365 ,
1231 310 1406 353 etiam

206 390 359 429 cura
388 370 482 430 sua
506 370 769 455 dignatus
796 371 896 432 est.
935 370 1173 433 Athletis
1191 380 1246 431 &
1262 391 1407 431 con-

204 448 461 509 seruauit
485 450 884 531 priuilegia‚&
917 470 1014 509 am
1055 450 1234 509 liauit.
1267 450 1405 511 Gla-

206 526 467 588 diatores
505 526 618 591 fine
655 526 919 587 mistione
949 540 996 588 'e
1039 530 1048 541 “
1091 526 1400 609 prohibuit.

213 608 659 665 Coercitionem
672 606 733 663 in
760 602 1057 666 histriones
1073 651 1092 679 ,
1107 604 1406 688 magistra-

202 682 375 743 tibus
400 687 463 741 in
490 684 657 744 omni
694 701 959 765 tempore
987 693 1041 745 ει
1063 684 1202 761 *loco
1231 726 1248 755 ,
1277 682 1406 766 lege

204 782 410 822 vetere
449 760 773 843 permiffam
817 806 836 835 ,
870 762 1087 821 ademit
1114 785 1130 822 t
1169 780 1361 842 praeter
1378 798 1402 809 -

206 860 405 923 quam
432 841 599 901 ludos
628 849 682 901 ει
710 838 953 900 scenam.
970 846 1098 904 Nec
1113 852 1307 899 tamen
1336 860 1406 898 eo

203 920 421 979 minus
448 938 546 979 aut
572 919 914 999 xysticorum
928 920 1258 977 certationes
1279 936 1406 989 ,aut

205 997 605 1081 gladiatorum
646 1016 723 1080 pu
768 1018 870 1055 nas
899 995 1228 1057 seueriffime
1253 993 1403 1055 sem·

204 1094 322 1157 per
334 1076 548 1160 exegit.r
570 1080 730 1139 Nam
784 1075 1091 1137 istrionum
1112 1076 1404 1134 licentiam

205 1155 367 1215 adeo
410 1153 760 1236 compescuit
785 1199 805 1227 ‚
845 1173 906 1213 vt
949 1152 1403 1234 Stephanionem

206 1234 572 1317 togatarium
590 1234 717 1304 ‚cui
742 1234 803 1290 in
833 1232 1110 1313 puerilem
1140 1230 1401 1289 habitum

208 1309 670 1371 circumtonsam
714 1318 1044 1370 matronam
1077 1302 1407 1371 ministrass‘e

209 1407 577 1469 compererat
604 1432 623 1461 ,
664 1407 765 1469 per
795 1391 940 1447 trina
979 1386 1190 1459 theatra
1237 1387 1407 1468 virgis

212 1468 429 1529 caesum
466 1468 792 1554 relegauerit
823 1491 836 1526 ε
873 1466 1085 1546 Hylam
1111 1467 1408 1547 pantomi-

212 1568 396 1608 mum
412 1591 428 1619 ,
452 1551 725 1631 querente
749 1549 1011 1628 prae'tore,
1046 1547 1106 1603 in
1123 1546 1276 1604 'atrio
1300 1543 1409 1602 do-

213 1645 359 1686 mus
372 1624 499 1698 suae,
515 1626 751 1688 nemine
764 1621 984 1685 excluso
1002 1668 1020 1696 ,
1033 1622 1266 1706 flagellis
1295 1641 1414 1681 ver-

214 1705 531 1765 berauerit:
559 1713 614 1766 &
640 1702 904 1783 Pyladem
919 1701 1072 1764 Vrbe
1101 1719 1277 1782 atque
1293 1705 1411 1760 Ita-

214 1784 297 1844 lia
328 1779 681 1842 submoue-rit
717 1826 747 1854 ‚‚
764 1781 926 1865 quod
950 1779 1315 1861 spestatorem
1338 1821 1355 1847 ,
1379 1796 1414 1834 a

220 1881 363 1944 quo.
382 1859 767 1920 exfibilabatur
785 1904 803 1932 ,
820 1847 1243 1918 demonstraffet
1259 1855 1411 1937 digi-

219 1959 287 2000 to
313 1985 334 2012 ‚
357 1936 860 2020 conspicuumque
881 1933 1105 1997 feciffet.

294 2025 354 2082 X
373 2023 417 2078 L
436 2023 487 2080 V
504 2021 550 2078 1.
576 2015 675 2078 Ad
692 2015 851 2090 hunc
873 2013 1123 2074 modum
1144 2009 1296 2072 Vrbe
1319 2031 1412 2071 vr..

161 2121 169 2127 ·
220 2093 502 2178 banisque
530 2093 695 2154 rebus
726 2091 1162 2163 administratis,
1190 2092 1417 2151 Italiam

224 2173 651 2256 duodetriginta
666 2171 1021 2232 coloniarum
1039 2189 1287 2238 numero
1315 2169 1414 2228 de·

224 2253 529 2312 ductarum
548 2251 619 2309 ab
635 2249 687 2310 se
712 2247 1112 2332 frequentauit,
1125 2245 1399 2330 operibus
1393 2282 1417 2295 -

230 2351 349 2413 que
360 2351 428 2390 ιο
438 2328 803 2419 vestigalibus
814 2327 1057 2410 publicis
1073 2322 1419 2407 plurifariam

226 2407 485 2470 instruxit
505 2431 520 2468 z
537 2427 713 2470 etiam
724 2410 846 2498 iure
860 2427 926 2466 ac
940 2407 1269 2488 dignatione
1284 2404 1421 2466 Vrbi
