1631 2994
549 127 999 198 CaesAn.
1301 147 1415 218 215·

201 231 360 296 xiffet
387 278 406 304 ,
431 252 494 292 vt
535 232 869 295 feneratores
896 235 1036 297 duas
1064 237 1415 316 patrimonii.

203 331 391 398 partes
405 315 465 371 in
480 311 600 372 solo
623 314 967 380 collocarent
983 359 1001 386 ‚
1014 316 1300 380 debitores
1313 339 1400 382 to-

209 393 396 454 tidem
411 394 530 452 aeris
544 393 718 452 alieni
739 389 930 452 statim
948 393 1225 456 soluerent
1243 444 1262 471 ,
1290 419 1399 460 nee

205 493 296 533 res
321 471 674 552 expediretur
709 495 724 531 ε
753 473 995 532 alterum
1022 474 1095 534 ad
1134 477 1259 536 miti
1304 498 1401 542 an·

209 553 352 612 dam
371 568 705 631 tempotum
721 553 1095 614 atrocitatem.
1114 554 1258 634 Q>
1312 576 1399 615 ta-

209 651 356 694 men
397 625 745 696 beneficium
778 633 925 689 tanti
950 630 1255 702 astinnauit
1283 679 1301 708 ‚
1340 651 1435 697 vt.

213 727 490 772 montem
515 709 784 780 Coelium¹
797 711 1179 790 appellatione
1202 731 1393 772 muta-

211 808 272 848 ta
285 787 476 848 vocati
493 785 820 871 Augustum
834 789 1053 850 iuss'erit.
1084 791 1261 856 Militi
1270 789 1403 873 post

213 867 500 949 duplicata
519 889 586 926 ex
601 863 844 950 Augusti
864 867 1406 956 testamentolegata

211 943 364 1007 nihil
377 965 638 1028 vruquam
653 947 887 1028 largitus
900 946 979 1008 est
994 993 1012 1022 ,
1022 965 1405 1041 preterquam

213 1023 432 1108 singula
445 1025 629 1084 millia
648 1023 1011 1086 denariorum
1039 1030 1407 1108 praetonanis,

215 1104 381 1189 quod
403 1105 612 1167 Seiano
630 1096 683 1163 se
709 1123 835 1163 non
856 1105 1405 1176 accommodass'entt

217 1193 276 1244 &
307 1183 577 1266 quaedam
603 1203 846 1242 munera
892 1187 1129 1265 Syriacis
1156 1186 1405 1270 legioni-

217 1262 352 1334 bus,
381 1261 544 1344 quod
567 1259 696 1322 solae
713 1263 936 1322 nullam
970 1267 1162 1328 Seiani
1190 1265 1406 1348 imagi-

215 1362 360 1402 nem
376 1341 523 1400 inter
535 1339 693 1424 figna
705 1341 1018 1412 coluiss'ent:
1037 1362 1136 1425 atq
1144 1362 1213 1402 ue
1229 1345 1409 1404 etiam

214 1417 506 1480 mistiones
523 1439 921 1480 veteranorum
952 1421 1241 1480 rariffimas
1252 1421 1407 1494 fecit,

219 1521 292 1560 ex
315 1496 471 1560 senio
503 1518 789 1572 mortem,
824 1521 892 1560 ex
920 1518 1108 1560 morte
1141 1521 1277 1562 com
1324 1522 1420 1561 en·

225 1578 396 1637 dium
410 1596 667 1659 captans.
705 1583 802 1641 Ne
828 1580 1152 1659 prouincias
1170 1582 1272 1663 qui
1313 1598 1415 1641 em

217 1656 336 1716 vlla
364 1656 692 1717 liberalitate
708 1654 1053 1719 subleuauit-2
1083 1665 1412 1740 excepta-A·

220 1734 300 1797 fia
317 1780 333 1803 ‚
353 1734 587 1796 difieffls
602 1755 926 1798 terraemotu
953 1738 1293 1801 ciuitatibus.
1404 1796 1409 1801 .

239 1866 246 1869 .
301 1820 421 1878 XL
443 1820 561 1877 IX.
598 1814 941 1877 Procedente
978 1836 1119 1878 mox
1156 1834 1419 1897 tempore

217 1893 398 1955 etiam
431 1892 508 1951 ad
535 1894 768 1974 ‚rupinas
805 1896 1088 1967 conuertit
1126 1895 1419 1960 animum.

221 1972 330 2049 Sat
345 1970 600 2045 constat,
623 1972 872 2033 Cneium
901 1973 1213 2035 Lentulum
1226 1992 1381 2057 augu
1390 2010 1419 2037 -.

215 2072 348 2115 rem
369 2096 387 2126 ,
404 2053 498 2111 cui
529 2044 670 2111 cens
834 2054 1021 2111 ximus
1035 2048 1201 2114 fuerit
1227 2098 1245 2126 ,
1262 2072 1424 2113 metu

131 2152 138 2156 ·
223 2141 282 2193 &
298 2150 514 2214 angore
543 2128 702 2187 adfal
792 2129 849 2189 ifi
867 2132 991 2191 vitae
1004 2128 1072 2189 ab
1094 2152 1162 2191 eo
1194 2133 1388 2192 aestum
1406 2176 1429 2206 ‚

224 2220 282 2271 &
303 2228 364 2268 vt
377 2229 454 2267 ne
472 2228 595 2290 quo
609 2206 711 2267 nifi
725 2210 849 2289 ipso
876 2207 1079 2270 herede
1106 2228 1432 2287 moreretur.

229 2287 702 2351 Condemnatam
731 2296 788 2349 &
836 2286 1313 2371 generofiffimam
1338 2284 1424 2348 fe-

221 2368 458 2441 minam
482 2364 754 2445 Lepidam
769 2367 833 2423 in
848 2368 1025 2449 gratii
1045 2367 1281 2446 Qrini
1298 2386 1435 2427 con-

223 2446 418 2533 sularis
442 2443 746 2525 praedmitis
765 2490 785 2522 ,
813 2455 869 2507 &
896 2445 1023 2506 orbi
1056 2490 1077 2522 ,
1108 2446 1211 2529 qui
1236 2444 1433 2507 dimis-
