1631 2994
424 183 867 256 Cassia.
1166 189 1279 277 383

85 302 246 363 tium
260 302 530 363 iuuenem
553 324 764 387 :quem
793 322 933 363 cum
952 320 1084 364 ante
1106 324 1240 365 mor
1256 342 1285 356 -

79 400 208 441 tem
237 383 474 461 pervim
503 381 937 464 constuptass'et:
960 389 1061 443 Eat
1091 404 1277 458 nunc,

80 462 284 543 inquit
320 503 339 532 ,
370 481 552 521 mater
589 482 718 521 mea
750 507 770 535 ‚
813 470 871 521 &
910 459 1279 524 successorem

81 558 296 599 meum
325 538 600 598 osculetur
621 542 866 599 :iastans
898 540 1171 600 dilectum
1203 542 1279 601 ab

85 636 156 677 m
178 662 198 689 ,
214 625 269 677 &
285 617 358 677 ad
383 615 542 698 spem
555 620 782 699 imperii
796 618 1139 698 impulsum.
1159 621 1278 681 Pri-

83 695 637 777 uignumRufinum
663 698 794 757 Cris
822 699 1020 769 inum,
1040 705 1158 777 Pop
1202 718 1283 759 τε,

82 792 298 833 natum
319 775 756 856 ,impuberema
797 776 914 835 huc
932 820 949 846 ,
968 778 1105 857 quia
1155 796 1280 837 ere·

82 852 259 911 batur
275 852 509 913 ducatus
526 863 580 915 δε
603 855 847 933 imperia
864 852 1054 914 ludere
1067 899 1084 928 ,
1115 872 1275 915 mer·-

81 929 351 1021 gendum
370 934 550 1005 mari,
583 932 728 993 dum
755 932 1085 1013 piscaretur,
1111 932 1279 993 seruis

80 1007 262 1100 ipfius
277 1010 662 1071 demandauit.
678 1011 935 1071 Tuscum
948 1013 1180 1071 nutricis
1200 1009 1277 1071 fi-

76 1090 240 1149 lium
265 1089 534 1171 relegauit
552 1134 570 1159 ,
603 1090 762 1171 quod
789 1092 854 1147 in
878 1091 1279 1169 procuratione

83 1168 345 1249 AEgypri,
369 1168 582 1228 balneis
593 1170 658 1226 in
669 1167 986 1227 aduentum
1000 1167 1166 1227 suurn
1179 1188 1278 1228 ex-

82 1244 311 1305 structis
323 1244 551 1305 lauifler.
575 1252 853 1309 Senecam
871 1263 1277 1337 praeceptorem

82 1323 164 1383 ad
205 1343 413 1383 necem
459 1324 746 1405 compulit
778 1348 793 1383 ε
825 1344 1097 1406 quamuis
1137 1322 1280 1404 ssepe

83 1420 492 1463 commatum
508 1405 724 1484 petenti
740 1447 759 1475 ,
771 1399 1051 1483 bonisque
1066 1402 1275 1461 ceden-

83 1482 133 1540 ti
155 1524 175 1554 ,
184 1478 698 1560 perflucteiurass'er
713 1478 1065 1562 ,suspestum
1089 1479 1141 1540 se
1152 1478 1269 1542 fru-

84 1559 200 1620 stra
217 1603 236 1631 ‚
249 1561 682 1644 periturumque
737 1561 890 1620 otius
908 1579 1085 1642 quam
1106 1562 1276 1620 noci-

84 1658 291 1698 turum
307 1639 373 1698 ei.
391 1645 567 1700 Burro
579 1659 693 1720 prae
717 1642 845 1700 ecto
858 1638 1185 1700 remedium
1201 1637 1275 1698 ad

83 1715 284 1778 fauces
298 1718 602 1796 pollicitus,
614 1720 873 1778 toxicum
888 1715 1057 1778 mifit.
1076 1716 1271 1778 Liber-

86 1814 184 1856 tos
211 1794 413 1855 diuites
456 1806 511 1858 &
549 1796 701 1858 senes
737 1798 884 1854 olim
928 1795 1279 1875 adoptionis,

85 1892 239 1935 mox
259 1871 672 1936 dominationis
680 1877 786 1934 suae
810 1871 1055 1934 fautores
1069 1917 1087 1946 ,
1101 1889 1279 1964 atque

84 1954 334 2013 rectores
361 1999 379 2027 ,
409 1974 630 2014 veneno
655 1954 870 2036 partim
902 1951 1042 2011 cibis
1067 1969 1295 2032 partim·

86 2031 432 2114 potionibus
460 2033 644 2096 indito
666 2077 684 2104 ,
705 2031 1020 2110 intercepit.

170 2116 232 2177 X
247 2115 306 2176 X
320 2115 377 2175 X
398 2117 450 2172 V
465 2116 510 2170 1.
545 2117 674 2176 Nec
689 2110 917 2168 minore
929 2106 1132 2167 steuitia
1142 2105 1279 2170 forie

91 2189 460 2250 &inexteros
487 2186 752 2271 grassatus
781 2184 879 2246 est.
910 2186 1083 2248 Stella
1102 2188 1278 2246 crini-

89 2285 152 2326 ta
169 2309 190 2338 ,
221 2285 353 2348 quae
382 2264 622 2328 summis
644 2263 1013 2344 potestatibus
1039 2266 1279 2326 exitium

92 2344 434 2425 portendere
464 2345 640 2432 vulgo
673 2359 904 2422 putatur
926 2385 945 2417 ,
968 2361 1066 2422 per
1090 2344 1281 2402 conti.-

96 2441 248 2484 nuas
278 2425 476 2484 nostes
507 2423 638 2480 oriri
663 2437 760 2486 coe
801 2439 933 2483 erat.
972 2423 1185 2482 Anxius
1214 2441 1281 2482 ea

93 2519 272 2578 rent
289 2519 356 2562 ex
377 2499 576 2561 Babilo
605 2496 714 2560 ast:
773 2518 895 2584 ogo
928 2492 1159 2574 didicit,
1188 2499 1281 2581 sog
