1631 2994
39 242 41 245 ψ
462 151 529 222 G
566 174 630 223 a
665 171 705 223 ς
740 160 792 225 A
812 162 913 229 ἰ.
1173 174 1288 270 3⁶5

92 268 175 328 tis
192 262 519 347 spestaculis
532 279 767 342 operam
781 263 927 323 inter
935 260 1181 329 stenicos
1193 272 1290 334 da-

96 367 159 406 re
183 392 205 419 ,
220 341 481 427 quodam
504 358 814 421 praetorum
847 341 1156 409 sestertium
1188 352 1290 413 de.

93 427 216 485 cies
228 419 517 487 offerente,
551 421 890 503 Tragoedias
949 445 1292 509 nequeam..

94 505 250 569 ‚tauit
305 498 880 563 “sonatum-heroum
947 525 1290 590 eorumque,

46 584 51 589 ’
92 583 247 644 item
304 577 563 640 eroidum
580 599 647 639 ac
664 578 899 641 dearum
912 582 1158 671 personis
1175 586 1292 649 effi·-

66 703 73 711 ·
95 662 208 724 &is
222 660 294 720 ad
305 656 735 719 fimiliflrdinem
770 662 886 720 oris
900 662 981 719 lui
998 706 1016 735 ,
1037 672 1091 723 &
1113 663 1292 726 ferni-

94 760 191 802 nae
210 785 229 812 ,
254 754 431 822 prout
476 756 777 827 quamque
821 739 1094 821 diligeret.
1137 750 1292 806 Inter

94 838 284 882 cetera
300 834 551 877 cantamt
568 822 832 877 Canacen
863 822 1291 899 parturientem,

92 896 373 961 Orestem
386 895 751 955 matricidam
766 940 785 969 ,
805 896 1176 978 Oedipodem
1189 922 1292 962 ex-

95 994 377 1043 caeoetum
395 1018 412 1045 ,
432 973 741 1034 Herculem
757 974 1044 1037 insanum.
1079 984 1147 1039 In
1163 1000 1283 1065 qua

94 1056 297 1117 fabula
328 1049 489 1115 fama
529 1049 609 1112 est
644 1054 996 1115 tirunculum
1033 1058 1290 1120 militem

90 1133 353 1217 positum
396 1130 471 1191 ad
515 1127 834 1191 custodiam
883 1134 1068 1193 aditus
1091 1178 1110 1207 ,
1145 1158 1286 1198 cum

86 1234 240 1276 eum
258 1211 443 1271 ornati
456 1230 524 1271 ac
542 1210 745 1269 vinciri
770 1214 1012 1284 catenis,
1025 1211 1166 1275 ficut
1187 1237 1280 1277 ar·

88 1308 450 1376 gumentum
470 1285 791 1370 postulabat
812 1332 832 1362 ‚
846 1291 1289 1365 videret,accur..

90 1370 221 1433 riss'e
235 1368 475 1430 ferendae
506 1367 631 1447 opis
660 1369 855 1447 gratia.

82 1507 87 1512 .
174 1456 234 1514 Χ
252 1456 310 1512 Χ
330 1454 354 1510 1
377 1454 421 1510 1.
456 1452 755 1530 Equorum
772 1445 959 1508 studio
973 1449 1058 1507 vel
1091 1452 1289 1532 praeci-

82 1550 223 1614 pue
244 1528 315 1586 ab
348 1530 581 1586 ineunte
603 1542 763 1596 aetate
790 1527 1050 1610 flagrauit
1067 1574 1084 1602 ‚
1111 1532 1290 1610 pluri·

86 1604 270 1689 musq
280 1606 443 1666 ueilli
458 1604 664 1676 sermo,
680 1625 1048 1690 quamquam
1076 1627 1290 1669 vetate·-

80 1707 193 1747 ‚tur
210 1729 229 1758 ‚
255 1685 327 1744 de
356 1681 705 1746 Circensibus,
728 1705 876 1746 etat:
909 1695 962 1748 &
985 1687 1286 1768 quondam

80 1766 347 1826 stastum
406 1761 695 1826 Prasmum
750 1767 1088 1846 agitatorem
1138 1767 1288 1826 inter

84 1840 515 1923 condiscipulos
530 1861 769 1923 querens
778 1889 792 1915 ‚
804 1843 1144 1924 obiurgante
1155 1865 1287 1904 ma·

91 1919 283 2008 gistro
310 1965 327 1992 ,
356 1921 425 1984 de
456 1922 703 1982 nestore
728 1919 783 1981 se
804 1922 1288 2004 loquiementitus

92 1999 202 2064 est.
234 1999 347 2062 Sed
365 2021 501 2060 cum
514 2001 834 2060 interinitia
863 2003 1092 2078 imperii
1117 2002 1286 2061 ebur-

92 2082 223 2141 nois
298 2079 545 2159 uadr'rgis
576 2079 1106 2168 quotidieinabaco
1120 2081 1284 2140 lude·

90 2177 183 2220 ret
202 2178 267 2230 ,a
322 2177 529 2217 omnes
542 2174 719 2217 etlam
744 2159 1029 2216 minimos
1047 2160 1284 2219 Circen-

82 2237 179 2299 ses
208 2236 580 2297 commeabat
608 2231 808 2296 seceffu
827 2281 846 2310 ,
875 2238 1068 2317 primo
1097 2239 1245 2298 clam
1264 2281 1286 2311 ,

84 2315 307 2377 deinde
333 2314 627 2394 propalam
663 2339 679 2375 z
714 2335 772 2376 vt
800 2317 1022 2376 nemini
1039 2315 1286 2376 dubium

92 2393 231 2458 ess'et
259 2414 329 2452 eo
360 2393 452 2452 die
466 2395 545 2451 vti
594 2413 664 2453 ue
686 2393 1038 2454 adfuturum.
1073 2401 1288 2476 Neque

89 2471 527 2538 azffimnlabatv
600 2492 633 2534 e
654 2471 711 2536 st
734 2475 1288 2633 palmam-Eume:

1065 2571 1128 2631 n)

640 2637 643 2642 ,
957 2630 970 2639 ι.
