1631 2994
362 168 487 255 366
808 160 1141 235 NERO

356 302 485 342 mm
502 279 795 360 ampliare:
859 300 990 340 uate
1001 275 1381 360 spefflculum
1397 276 1521 337 mul-

356 361 622 439 tiplicatis
650 360 735 417 mi
879 380 904 417 s
937 362 1001 417 in
1041 356 1224 417 serum
1252 357 1514 436 protrahe·
1578 388 1579 409 ι

361 437 647 510 batut,ne
670 438 926 496 dominis
955 436 1193 520 quidem
1207 437 1328 494 iam
1342 434 1519 494 faffio-
1578 476 1579 479 η

360 537 513 577 num
552 516 920 599 dignantibus
948 560 967 587 ,
993 513 1092 573 nifi
1116 513 1190 572 ad
1217 516 1393 573 totius
1431 513 1524 571 diei
1577 514 1579 569 i

362 594 589 655 cursum
610 641 626 667 ‚
643 614 840 677 greges
859 594 1076 653 ducere.
1093 600 1236 655 Mox
1251 602 1305 653 &
1321 592 1431 673 ipse
1441 612 1527 650 au·
1577 668 1579 671 Α

361 678 543 761 rigare
568 718 586 745 ,
600 694 775 755 atque
788 674 960 731 etiarn
978 666 1204 752 spestffi
1231 670 1424 750 saepius
1437 692 1526 728 vo·

362 751 472 815 luit
491 776 506 811 :
528 750 829 833 positoque
859 753 920 809 in
949 750 1126 810 hortis
1163 750 1308 808 inter
1333 749 1533 809 seruitia

366 840 427 889 δε
460 830 737 889 sordidam
764 829 993 909 plebem
1021 828 1352 890 rudimento
1372 874 1388 900 ,
1416 830 1529 885 vni-

366 907 656 968 uersorum
693 908 746 968 st:
784 910 964 967 oculis
995 910 1057 967 in
1092 909 1262 968 Circo
1291 908 1537 965 maximo

364 988 604 1068 praebuit
617 1032 635 1056 ‚
650 989 850 1071 aliquo
868 987 1065 1045 liberto
1083 986 1347 1047 mittente
1373 1004 1533 1066 map-

365 1066 679 1145 pam,vnde
694 1062 1050 1146 magistratus
1065 1064 1256 1124 solent.
1275 1070 1408 1125 Nec
1421 1086 1544 1125 con-

368 1162 559 1203 tentus
574 1143 776 1203 hatum
791 1145 1001 1202 artium
1023 1144 1412 1222 experimenta
1425 1150 1538 1205 Ro-

365 1242 482 1283 mae
498 1220 697 1281 dediffe
714 1268 730 1295 ‚
748 1220 1022 1284 Achaiam
1043 1268 1060 1294 ,
1075 1240 1136 1279 vt
1145 1220 1322 1279 dixirn
1331 1241 1396 1279 us
1420 1266 1438 1293 ,
1457 1240 1544 1303 pe-

370 1302 443 1357 tit
464 1346 482 1370 ‚
498 1300 637 1359 hinc
658 1303 911 1360 maxime
940 1320 1168 1359 motus:
1189 1298 1544 1360 Instituerant

371 1380 627 1437 etuitates
648 1380 830 1458 ,apud
861 1398 1002 1459 quas
1018 1378 1212 1437 musici
1227 1398 1452 1460 agones
1475 1380 1547 1440 edi

369 1457 549 1516 solent
567 1502 582 1528 ,
599 1478 805 1518 omnes
835 1456 1281 1518 citharoedorum
1317 1476 1548 1518 coronas

368 1533 643 1614 adipsum
662 1539 885 1596 mittete
917 1569 932 1610 5
962 1557 1052 1596 eas
1073 1536 1214 1594 adeo
1232 1555 1390 1626 grate
1420 1541 1550 1598 reci-

371 1614 587 1694 piebat,
602 1633 660 1673 vt
679 1615 917 1696 legatos,
931 1617 1033 1706 qui
1048 1613 1418 1694 pettulsssent,
1443 1638 1552 1676 non

374 1692 561 1756 modo
574 1695 795 1771 primos
812 1693 1134 1752 admlttetet
1147 1739 1164 1767 ‚
1182 1691 1272 1752 sed
1283 1697 1472 1754 etiam
1489 1696 1554 1754 fa-

372 1771 689 1832 miliaribus
707 1773 888 1852 epulis
916 1773 1311 1853 interponeret.
1346 1779 1400 1836 A
1432 1777 1558 1857 qui·

374 1847 613 1909 busdam
628 1872 692 1910 ex
704 1850 793 1909 his
817 1869 1048 1934 togatus
1066 1895 1083 1922 ‚
1102 1869 1162 1910 vt
1191 1871 1450 1913 mutaret
1477 1852 1556 1912 su-

370 1943 475 2063 Per
488 1948 721 1990 coenam
738 1975 755 2002 ‚
772 1929 1042 2009 excepms
1074 1950 1143 1989 ue
1159 1926 1559 2002 effufius,solos

396 2007 507 2065 cire
522 2008 712 2068 audite
732 2015 958 2070 Graecos
971 2055 988 2081 ,
1003 2007 1059 2068 so
1083 2006 1258 2090 osque
1283 2006 1338 2067 fe
1366 2019 1432 2072 δε
1451 2010 1562 2069 stu-

280 2139 287 2148 ,
370 2083 482 2142 diis
494 2082 603 2144 suis
618 2087 826 2169 dignos
839 2088 937 2146 ait.
966 2084 1092 2149 Nec
1105 2085 1468 2166 profestione
1479 2090 1559 2148 di-

372 2160 508 2232 lata,
523 2181 583 2220 vt
599 2169 856 2242 primum
884 2165 1178 2242 Caffiopen
1193 2169 1436 2242 traiecit,
1453 2168 1564 2227 sta·

376 2241 485 2296 tim
504 2241 575 2297 ad
588 2261 743 2302 aram
765 2242 919 2304 Iouis
940 2243 1106 2306 Caffii
1117 2261 1340 2304 cantare
1367 2246 1562 2328 auspi-

380 2335 541 2374 catus
572 2317 667 2396 est.

442 2399 501 2454 X
516 2401 573 2456 X
592 2402 619 2456 Ι
636 2403 663 2455 1
680 2402 724 2457 1.
762 2401 1088 2458 certamina
1118 2399 1388 2483 deinceps
1425 2403 1570 2463 obiit

374 2473 594 2536 omnia.
640 2475 801 2564 Nam
834 2485 890 2536 δε
913 2497 1044 2562 quae
1063 2477 1572 2562 diuetfiffimorum
