1631 2994
439 151 929 256 Casnxss
1153 193 1280 273 367

87 323 428 386 tempotum
445 301 596 377 sunt,
613 307 750 386 cogi
764 305 826 361 in
841 322 1021 364 vnum
1033 323 1284 382 annum,

89 383 440 466 quibusdam
457 385 629 442 etiam
645 385 853 442 iteratis
864 381 1025 445 iuffit.
1066 386 1283 464 Olym-

88 466 196 544 piae
253 481 504 545 quoque
563 479 757 541 praeter
811 459 1283 524 consuetudinem

89 541 384 606 muficum
396 557 588 621 agona
603 560 736 599 eom
744 539 911 601 mifit.
946 545 1027 602 Ac
1042 561 1116 601 ne
1135 543 1283 633 quid

90 623 239 680 circa
265 619 395 678 haec
410 636 756 699 occupatum
778 637 1039 678 auocaret
1064 619 1286 680 detme-

89 717 279 771 utve,
305 716 448 756 cum
475 695 762 777 Ptaesentia
791 699 913 756 eius
955 697 1170 757 vrbicas
1200 717 1287 759 res

93 797 257 858 egere
285 799 323 836 a
344 775 544 834 liberto
558 777 729 835 Helio
743 776 1145 835 admoneretur
1158 823 1177 850 ,
1194 799 1288 838 re-

91 853 306 937 scripfit
325 853 414 912 his
427 852 930 934 verbistQmuis
942 874 1099 912 nunc
1116 874 1287 916 tuum

91 933 396 993 confilium
413 930 476 990 fit
493 940 547 991 δι
565 951 768 991 votum
791 976 810 1004 ‚
828 933 1071 991 celeriter
1084 935 1288 994 reuerti

88 1031 189 1073 me
206 1036 222 1073 ε
242 1030 443 1072 tamen
458 1010 680 1069 suadete
695 1019 750 1071 &
769 1029 967 1091 optare
981 1014 1175 1091 potius
1187 1013 1289 1072 de-

93 1088 188 1149 bes
199 1110 264 1150 vt
283 1096 522 1152 Nerone
531 1087 738 1170 dignus
752 1107 1009 1150 reuertar.
1039 1096 1291 1150 Cantan-

91 1185 146 1228 te
159 1191 230 1229 eo
249 1215 269 1242 ,
285 1189 362 1228 ne
376 1165 671 1226 neceffiria
687 1166 927 1251 quidem
944 1166 1103 1227 causa
1118 1189 1284 1229 exce-

92 1247 220 1308 dere
231 1247 456 1307 theatro
468 1245 692 1305 li'citum
707 1265 839 1307 erat.
866 1252 1069 1330 Itaque
1095 1255 1149 1306 &
1164 1249 1289 1306 eni-

89 1347 169 1385 xae
235 1325 458 1386 uaedam
480 1325 542 1381 in
561 1323 885 1404 specstaculis
914 1324 1211 1398 dicuntur,
1234 1335 1291 1386 &

88 1425 190 1465 mu
219 1406 263 1462 ti
275 1403 446 1462 taedio
463 1403 726 1461 audiendi
738 1401 1300 1484 laudandique‚clau-

93 1482 158 1542 fis
170 1481 490 1564 opidorum
510 1484 708 1560 portis,
721 1500 819 1541 aut
832 1479 1031 1539 furtim
1059 1480 1294 1541 defiluiss

91 1561 142 1622 se
171 1564 244 1622 de
259 1580 431 1633 muro
454 1604 472 1631 ,
488 1577 786 1620 autmone
799 1558 1062 1619 [infulata
1086 1558 1290 1621 funere

94 1642 243 1703 elati.
299 1643 501 1717 Qam
532 1656 726 1699 autem
775 1657 825 1698 tr
894 1637 987 1696 ide
1013 1641 1293 1723 anxieque

97 1718 411 1789 certauerit,
425 1734 640 1798 quanta
654 1715 825 1777 aduer
844 1716 1093 1775 ariorum
1115 1737 1294 1775 aemu-

95 1796 346 1869 latiohe,
365 1816 486 1877 quo
515 1813 678 1855 metu
709 1796 969 1857 iudicum
991 1839 1008 1865 ,
1028 1796 1117 1853 vix
1144 1793 1293 1855 credi

97 1876 306 1957 potest.
342 1872 694 1945 Aduersarios
729 1871 885 1957 quafi
904 1873 1073 1950 plane
1091 1872 1295 1931 condiss

99 1958 277 2016 tionis
295 1950 565 2023 eiusdem,
580 1951 869 2013 obseruare
881 1995 899 2023 ‚
920 1970 1141 2031 captate
1158 1996 1175 2025 ,
1195 1953 1282 2009 in·
1302 2016 1307 2021 .

93 2032 314 2094 famare
325 2028 985 2113 stereto,nonnunquam
1004 2048 1069 2087 ex
1088 2050 1285 2089 occut-

95 2111 160 2173 su
191 2109 514 2171 maledictis
535 2108 796 2169 inceffere
813 2132 828 2169 ε
845 2126 911 2165 ac
931 2153 949 2181 ‚
976 2106 1014 2165 fi
1044 2109 1145 2186 qui
1180 2125 1297 2169 arte

141 2190 507 2259 metuerent,
537 2204 905 2267 ¹cotrumpe·1:«·:
933 2187 1106 2247 etiam
1135 2182 1250 2245 sole
1270 2222 1297 2235 -

95 2208 220 2332 Eat.
256 2267 478 2330 Iudices
497 2283 689 2323 autem
703 2263 1037 2345 priusquam
1064 2266 1288 2343 incipe-

97 2366 214 2421 tet,
233 2341 671 2407 renerentiffime
700 2344 812 2403 allo
862 2342 1129 2415 uebatur,
1157 2361 1301 2400 om·

101 2427 198 2487 nia
215 2426 267 2487 se
277 2420 537 2484 facienda
561 2418 746 2483 fe‘cifl'e
764 2466 784 2494 ‚
830 2417 900 2479 ed
928 2438 1200 2480 euentum
1232 2420 1296 2479 in

99 2526 286 2569 manu
305 2500 412 2565 effe
441 2496 716 2563 fommae:
739 2499 869 2561 illos
886 2540 904 2570 ,
932 2516 996 2557 vt
1021 2496 1297 2587 (qpientes

915 2580 1117 2659 Qffli'
