<?xml version="1.0" encoding="UTF-8"?>
<!DOCTYPE html PUBLIC "-//W3C//DTD XHTML 1.0 Transitional//EN"
    "http://www.w3.org/TR/xhtml1/DTD/xhtml1-transitional.dtd">
<html xmlns="http://www.w3.org/1999/xhtml" xml:lang="en" lang="en">
 <head>
  <title>
</title>
<meta http-equiv="Content-Type" content="text/html;charset=utf-8" />
  <meta name='ocr-system' content='tesseract 3.04.00' />
  <meta name='ocr-capabilities' content='ocr_page ocr_carea ocr_par ocr_line ocrx_word'/>
</head>
<body>
  <div class='ocr_page' id='page_1' title='image "./caivssvetonivst00suetgoog_0288.png"; bbox 0 0 1631 2994; ppageno 0'>
   <div class='ocr_carea' id='block_1_1' title="bbox 279 187 1106 292">
    <p class='ocr_par' dir='ltr' id='par_1_1' title="bbox 279 187 1106 292">
     <span class='ocr_line' id='line_1_1' title="bbox 279 187 1106 292; baseline -0.008 -35"><span class='ocrx_word' id='word_1_1' title='bbox 279 191 462 292; x_wconf 19' lang='lat'>&#39;268</span> <span class='ocrx_word' id='word_1_2' title='bbox 721 187 1106 258; x_wconf 75' lang='lat' dir='ltr'>CArvs</span> 
     </span>
    </p>
   </div>
   <div class='ocr_carea' id='block_1_2' title="bbox 336 298 1604 2570">
    <p class='ocr_par' dir='ltr' id='par_1_2' title="bbox 336 298 1604 1478">
     <span class='ocr_line' id='line_1_2' title="bbox 336 298 1541 380; baseline -0.007 -12"><span class='ocrx_word' id='word_1_3' title='bbox 336 301 870 368; x_wconf 77' lang='lat' dir='ltr'>maximeostendit.</span> <span class='ocrx_word' id='word_1_4' title='bbox 904 308 1059 362; x_wconf 87' lang='lat' dir='ltr'>Cum</span> <span class='ocrx_word' id='word_1_5' title='bbox 1076 298 1148 358; x_wconf 86' lang='lat' dir='ltr'>ad</span> <span class='ocrx_word' id='word_1_6' title='bbox 1170 298 1433 380; x_wconf 80' lang='lat' dir='ltr'>saginam</span> <span class='ocrx_word' id='word_1_7' title='bbox 1456 299 1541 360; x_wconf 73' lang='lat' dir='ltr'>fe-&#39;</span> 
     </span>
     <span class='ocr_line' id='line_1_3' title="bbox 337 379 1540 461; baseline -0.006 -16"><span class='ocrx_word' id='word_1_8' title='bbox 337 403 529 445; x_wconf 85' lang='lat' dir='ltr'>ratum</span> <span class='ocrx_word' id='word_1_9' title='bbox 549 384 773 448; x_wconf 85' lang='lat' dir='ltr'>muneri</span> <span class='ocrx_word' id='word_1_10' title='bbox 796 397 1225 461; x_wconf 76' lang='lat' dir='ltr'>praeparatarum</span> <span class='ocrx_word' id='word_1_11' title='bbox 1246 379 1429 436; x_wconf 84' lang='lat' dir='ltr'>carius</span> <span class='ocrx_word' id='word_1_12' title='bbox 1440 397 1540 458; x_wconf 86' lang='lat' dir='ltr'>pe-</span> 
     </span>
     <span class='ocr_line' id='line_1_4' title="bbox 341 455 1541 540; baseline -0.01 -14"><span class='ocrx_word' id='word_1_13' title='bbox 341 461 512 526; x_wconf 82' lang='lat' dir='ltr'>cudes</span> <span class='ocrx_word' id='word_1_14' title='bbox 526 479 987 540; x_wconf 77' lang='lat' dir='ltr'>compararentur</span> <span class='ocrx_word' id='word_1_15' title='bbox 998 503 1017 530; x_wconf 91' lang='lat'>‚</span> <span class='ocrx_word' id='word_1_16' title='bbox 1030 477 1097 516; x_wconf 80' lang='lat' dir='ltr'>ex</span> <span class='ocrx_word' id='word_1_17' title='bbox 1108 457 1289 514; x_wconf 83' lang='lat' dir='ltr'>noxiis</span> <span class='ocrx_word' id='word_1_18' title='bbox 1312 455 1541 516; x_wconf 80' lang='lat' dir='ltr'>lan-ian-</span> 
     </span>
     <span class='ocr_line' id='line_1_5' title="bbox 343 532 1541 600; baseline -0.007 0"><span class='ocrx_word' id='word_1_19' title='bbox 343 537 450 600; x_wconf 82' lang='lat' dir='ltr'>dos</span> <span class='ocrx_word' id='word_1_20' title='bbox 473 539 769 598; x_wconf 84' lang='lat' dir='ltr'>adnotauit</span> <span class='ocrx_word' id='word_1_21' title='bbox 799 559 814 598; x_wconf 70' lang='grc' dir='ltr'><strong><em>ι</em></strong></span> <span class='ocrx_word' id='word_1_22' title='bbox 846 546 901 597; x_wconf 73' lang='grc'>8(</span> <span class='ocrx_word' id='word_1_23' title='bbox 934 534 1314 595; x_wconf 79' lang='lat' dir='ltr'>custodiarum</span> <span class='ocrx_word' id='word_1_24' title='bbox 1344 532 1541 594; x_wconf 84' lang='lat' dir='ltr'>seriem</span> 
     </span>
     <span class='ocr_line' id='line_1_6' title="bbox 340 609 1543 700; baseline -0.007 -20"><span class='ocrx_word' id='word_1_25' title='bbox 340 614 750 700; x_wconf 76' lang='lat' dir='ltr'>recognoscens</span> <span class='ocrx_word' id='word_1_26' title='bbox 765 660 792 689; x_wconf 76' lang='lat'>‚</span> <span class='ocrx_word' id='word_1_27' title='bbox 805 616 1015 674; x_wconf 83' lang='lat' dir='ltr'>nullius</span> <span class='ocrx_word' id='word_1_28' title='bbox 1026 609 1275 692; x_wconf 66' lang='lat' dir='ltr'>inspecto</span> <span class='ocrx_word' id='word_1_29' title='bbox 1316 611 1512 695; x_wconf 88' lang='lat' dir='ltr'>elogio</span> <span class='ocrx_word' id='word_1_30' title='bbox 1525 655 1543 684; x_wconf 89' lang='lat'>,</span> 
     </span>
     <span class='ocr_line' id='line_1_7' title="bbox 345 691 1545 772; baseline -0.003 -16"><span class='ocrx_word' id='word_1_31' title='bbox 345 693 929 768; x_wconf 68' lang='lat' dir='ltr'>fflns‚tantummodo</span> <span class='ocrx_word' id='word_1_32' title='bbox 942 694 1087 750; x_wconf 84' lang='lat' dir='ltr'>intra</span> <span class='ocrx_word' id='word_1_33' title='bbox 1106 691 1397 772; x_wconf 87' lang='lat' dir='ltr'>porticum</span> <span class='ocrx_word' id='word_1_34' title='bbox 1413 711 1545 752; x_wconf 87' lang='lat' dir='ltr'>me-</span> 
     </span>
     <span class='ocr_line' id='line_1_8' title="bbox 347 769 1541 847; baseline -0.005 -13"><span class='ocrx_word' id='word_1_35' title='bbox 347 773 508 834; x_wconf 79' lang='lat' dir='ltr'>diam</span> <span class='ocrx_word' id='word_1_36' title='bbox 527 794 593 847; x_wconf 86' lang='lat' dir='ltr'>,a</span> <span class='ocrx_word' id='word_1_37' title='bbox 609 773 771 834; x_wconf 85' lang='lat' dir='ltr'>caluo</span> <span class='ocrx_word' id='word_1_38' title='bbox 787 772 860 832; x_wconf 88' lang='lat' dir='ltr'>ad</span> <span class='ocrx_word' id='word_1_39' title='bbox 879 771 1109 831; x_wconf 86' lang='lat' dir='ltr'>caluum</span> <span class='ocrx_word' id='word_1_40' title='bbox 1126 769 1260 836; x_wconf 76' lang='lat' dir='ltr'>duci</span> <span class='ocrx_word' id='word_1_41' title='bbox 1288 769 1377 826; x_wconf 85' lang='lat' dir='ltr'>im</span> <span class='ocrx_word' id='word_1_42' title='bbox 1424 789 1541 828; x_wconf 82' lang='lat' dir='ltr'>era-</span> 
     </span>
     <span class='ocr_line' id='line_1_9' title="bbox 347 837 1545 933; baseline -0.005 -19"><span class='ocrx_word' id='word_1_43' title='bbox 347 853 450 914; x_wconf 86' lang='lat' dir='ltr'>uit.</span> <span class='ocrx_word' id='word_1_44' title='bbox 469 859 689 912; x_wconf 87' lang='lat' dir='ltr'>Votum</span> <span class='ocrx_word' id='word_1_45' title='bbox 705 853 889 933; x_wconf 82' lang='lat' dir='ltr'>exegit</span> <span class='ocrx_word' id='word_1_46' title='bbox 914 849 985 908; x_wconf 88' lang='lat' dir='ltr'>ab</span> <span class='ocrx_word' id='word_1_47' title='bbox 1002 869 1100 921; x_wconf 87' lang='lat' dir='ltr'>eo,</span> <span class='ocrx_word' id='word_1_48' title='bbox 1123 849 1225 930; x_wconf 86' lang='lat' dir='ltr'>qui</span> <span class='ocrx_word' id='word_1_49' title='bbox 1239 837 1348 924; x_wconf 75' lang='lat' dir='ltr'>pro</span> <span class='ocrx_word' id='word_1_50' title='bbox 1398 847 1545 908; x_wconf 83' lang='lat' dir='ltr'>alute</span> 
     </span>
     <span class='ocr_line' id='line_1_10' title="bbox 345 924 1543 1018; baseline -0.003 -28"><span class='ocrx_word' id='word_1_51' title='bbox 345 927 444 990; x_wconf 87' lang='lat' dir='ltr'>sua</span> <span class='ocrx_word' id='word_1_52' title='bbox 475 930 869 1011; x_wconf 79' lang='lat' dir='ltr'>gladiatoriam</span> <span class='ocrx_word' id='word_1_53' title='bbox 920 946 1151 1018; x_wconf 82' lang='lat' dir='ltr'>operam</span> <span class='ocrx_word' id='word_1_54' title='bbox 1184 924 1543 1005; x_wconf 75' lang='lat' dir='ltr'>promiserat:</span> 
     </span>
     <span class='ocr_line' id='line_1_11' title="bbox 347 1003 1547 1088; baseline -0.003 -22"><span class='ocrx_word' id='word_1_55' title='bbox 347 1005 731 1088; x_wconf 53' lang='lat' dir='ltr'>spectauitque</span> <span class='ocrx_word' id='word_1_56' title='bbox 741 1003 887 1065; x_wconf 87' lang='lat' dir='ltr'>ferro</span> <span class='ocrx_word' id='word_1_57' title='bbox 912 1005 1283 1066; x_wconf 74' lang='lat' dir='ltr'>dimicantem</span> <span class='ocrx_word' id='word_1_58' title='bbox 1308 1023 1449 1063; x_wconf 87' lang='lat' dir='ltr'>:nec</span> <span class='ocrx_word' id='word_1_59' title='bbox 1462 1004 1547 1062; x_wconf 87' lang='lat' dir='ltr'>di-</span> 
     </span>
     <span class='ocr_line' id='line_1_12' title="bbox 349 1080 1549 1162; baseline -0.003 -17"><span class='ocrx_word' id='word_1_60' title='bbox 349 1084 506 1146; x_wconf 82' lang='lat' dir='ltr'>mifit</span> <span class='ocrx_word' id='word_1_61' title='bbox 521 1084 623 1144; x_wconf 84' lang='lat' dir='ltr'>nifi</span> <span class='ocrx_word' id='word_1_62' title='bbox 640 1085 915 1144; x_wconf 63' lang='lat' dir='ltr'>victorem</span> <span class='ocrx_word' id='word_1_63' title='bbox 932 1128 953 1156; x_wconf 85' lang='lat'>,</span> <span class='ocrx_word' id='word_1_64' title='bbox 968 1092 1023 1143; x_wconf 87' lang='lat'>&amp;</span> <span class='ocrx_word' id='word_1_65' title='bbox 1038 1080 1166 1162; x_wconf 82' lang='lat' dir='ltr'>post</span> <span class='ocrx_word' id='word_1_66' title='bbox 1182 1082 1395 1139; x_wconf 65' lang='lat' dir='ltr'>multas</span> <span class='ocrx_word' id='word_1_67' title='bbox 1418 1101 1549 1162; x_wconf 82' lang='lat' dir='ltr'>pre·-</span> 
     </span>
     <span class='ocr_line' id='line_1_13' title="bbox 349 1159 1604 1242; baseline -0.005 -18"><span class='ocrx_word' id='word_1_68' title='bbox 349 1183 458 1224; x_wconf 85' lang='lat' dir='ltr'>ces.</span> <span class='ocrx_word' id='word_1_69' title='bbox 467 1164 716 1224; x_wconf 84' lang='lat' dir='ltr'>Alterum</span> <span class='ocrx_word' id='word_1_70' title='bbox 725 1181 782 1242; x_wconf 89' lang='lat' dir='ltr'>,q</span> <span class='ocrx_word' id='word_1_71' title='bbox 789 1164 849 1220; x_wconf 91' lang='lat' dir='ltr'>ui</span> <span class='ocrx_word' id='word_1_72' title='bbox 861 1162 913 1222; x_wconf 89' lang='lat' dir='ltr'>se</span> <span class='ocrx_word' id='word_1_73' title='bbox 922 1161 1237 1240; x_wconf 83' lang='lat' dir='ltr'>periturum</span> <span class='ocrx_word' id='word_1_74' title='bbox 1250 1179 1316 1220; x_wconf 85' lang='lat' dir='ltr'>ea</span> <span class='ocrx_word' id='word_1_75' title='bbox 1328 1159 1401 1218; x_wconf 89' lang='lat' dir='ltr'>de</span> <span class='ocrx_word' id='word_1_76' title='bbox 1416 1181 1547 1219; x_wconf 86' lang='lat' dir='ltr'>cau·</span> <span class='ocrx_word' id='word_1_77' title='bbox 1602 1179 1604 1190; x_wconf 57' lang='lat'><strong>¹</strong></span> 
     </span>
     <span class='ocr_line' id='line_1_14' title="bbox 350 1238 1551 1320; baseline -0.002 -19"><span class='ocrx_word' id='word_1_78' title='bbox 350 1239 408 1302; x_wconf 79' lang='lat' dir='ltr'>sa</span> <span class='ocrx_word' id='word_1_79' title='bbox 436 1260 666 1308; x_wconf 72' lang='lat' dir='ltr'>venerat</span> <span class='ocrx_word' id='word_1_80' title='bbox 683 1242 1083 1312; x_wconf 58' lang='lat' dir='ltr'>,cunctantem</span> <span class='ocrx_word' id='word_1_81' title='bbox 1108 1239 1293 1320; x_wconf 87' lang='lat' dir='ltr'>pueris</span> <span class='ocrx_word' id='word_1_82' title='bbox 1322 1238 1551 1298; x_wconf 82' lang='lat' dir='ltr'>tradidit</span> 
     </span>
     <span class='ocr_line' id='line_1_15' title="bbox 354 1317 1604 1400; baseline -0.002 -22"><span class='ocrx_word' id='word_1_83' title='bbox 354 1318 724 1380; x_wconf 75' lang='lat' dir='ltr'>verbenarum</span> <span class='ocrx_word' id='word_1_84' title='bbox 737 1317 1195 1400; x_wconf 85' lang='lat' dir='ltr'>infulatumque,</span> <span class='ocrx_word' id='word_1_85' title='bbox 1222 1318 1327 1398; x_wconf 88' lang='lat' dir='ltr'>qui</span> <span class='ocrx_word' id='word_1_86' title='bbox 1342 1335 1549 1393; x_wconf 64' lang='lat' dir='ltr'>votum</span> <span class='ocrx_word' id='word_1_87' title='bbox 1603 1335 1604 1340; x_wconf 51' lang='lat'>¹</span> 
     </span>
     <span class='ocr_line' id='line_1_16' title="bbox 355 1394 1553 1478; baseline -0.002 -22"><span class='ocrx_word' id='word_1_88' title='bbox 355 1395 706 1478; x_wconf 82' lang='lat' dir='ltr'>reposcentes</span> <span class='ocrx_word' id='word_1_89' title='bbox 732 1414 833 1476; x_wconf 85' lang='lat' dir='ltr'>per</span> <span class='ocrx_word' id='word_1_90' title='bbox 861 1399 1017 1455; x_wconf 85' lang='lat' dir='ltr'>vicos</span> <span class='ocrx_word' id='word_1_91' title='bbox 1040 1413 1267 1478; x_wconf 83' lang='lat' dir='ltr'>agerent</span> <span class='ocrx_word' id='word_1_92' title='bbox 1298 1437 1317 1465; x_wconf 84' lang='lat'>,</span> <span class='ocrx_word' id='word_1_93' title='bbox 1358 1394 1553 1476; x_wconf 87' lang='lat' dir='ltr'>quoad</span> 
     </span>
    </p>

    <p class='ocr_par' dir='ltr' id='par_1_3' title="bbox 352 1472 1602 2570">
     <span class='ocr_line' id='line_1_17' title="bbox 397 1472 1550 1557; baseline 0 -22"><span class='ocrx_word' id='word_1_94' title='bbox 397 1477 521 1545; x_wconf 70' lang='lat' dir='ltr'>raeci</span> <span class='ocrx_word' id='word_1_95' title='bbox 562 1477 784 1537; x_wconf 81' lang='lat' dir='ltr'>itaretur</span> <span class='ocrx_word' id='word_1_96' title='bbox 811 1497 877 1537; x_wconf 84' lang='lat' dir='ltr'>ex</span> <span class='ocrx_word' id='word_1_97' title='bbox 887 1494 1107 1557; x_wconf 85' lang='lat' dir='ltr'>aggere.</span> <span class='ocrx_word' id='word_1_98' title='bbox 1130 1473 1350 1537; x_wconf 77' lang='lat' dir='ltr'>Multos</span> <span class='ocrx_word' id='word_1_99' title='bbox 1362 1472 1550 1535; x_wconf 84' lang='lat' dir='ltr'>hone-</span> 
     </span>
     <span class='ocr_line' id='line_1_18' title="bbox 352 1495 1555 1634; baseline -0.003 -19"><span class='ocrx_word' id='word_1_100' title='bbox 352 1495 426 1615; x_wconf 57' lang='lat' dir='ltr'>fri</span> <span class='ocrx_word' id='word_1_101' title='bbox 453 1574 517 1613; x_wconf 89' lang='lat' dir='ltr'>or</span> <span class='ocrx_word' id='word_1_102' title='bbox 555 1556 664 1613; x_wconf 79' lang='lat' dir='ltr'>inis</span> <span class='ocrx_word' id='word_1_103' title='bbox 689 1600 706 1627; x_wconf 90' lang='lat'><strong>‚</strong></span> <span class='ocrx_word' id='word_1_104' title='bbox 750 1552 1092 1617; x_wconf 81' lang='lat' dir='ltr'>deformatos</span> <span class='ocrx_word' id='word_1_105' title='bbox 1131 1553 1285 1632; x_wconf 85' lang='lat' dir='ltr'>prius</span> <span class='ocrx_word' id='word_1_106' title='bbox 1312 1550 1555 1634; x_wconf 79' lang='lat' dir='ltr'>stigma-</span> 
     </span>
     <span class='ocr_line' id='line_1_19' title="bbox 357 1629 1555 1705; baseline -0.001 -12"><span class='ocrx_word' id='word_1_107' title='bbox 357 1651 488 1696; x_wconf 81' lang='lat' dir='ltr'>tum</span> <span class='ocrx_word' id='word_1_108' title='bbox 523 1633 671 1699; x_wconf 63' lang='lat' dir='ltr'>rotis</span> <span class='ocrx_word' id='word_1_109' title='bbox 705 1674 722 1705; x_wconf 83' lang='lat'><strong>,</strong></span> <span class='ocrx_word' id='word_1_110' title='bbox 749 1632 824 1697; x_wconf 86' lang='lat' dir='ltr'>ad</span> <span class='ocrx_word' id='word_1_111' title='bbox 849 1633 1079 1692; x_wconf 85' lang='lat' dir='ltr'>metalla</span> <span class='ocrx_word' id='word_1_112' title='bbox 1106 1649 1202 1690; x_wconf 87' lang='lat' dir='ltr'>aut</span> <span class='ocrx_word' id='word_1_113' title='bbox 1226 1629 1300 1689; x_wconf 87' lang='lat' dir='ltr'>ad</span> <span class='ocrx_word' id='word_1_114' title='bbox 1329 1632 1555 1691; x_wconf 81' lang='lat' dir='ltr'>viarum</span> 
     </span>
     <span class='ocr_line' id='line_1_20' title="bbox 356 1707 1559 1779; baseline -0.003 -8"><span class='ocrx_word' id='word_1_115' title='bbox 356 1711 738 1779; x_wconf 59' lang='lat' dir='ltr'>munitiouet,</span> <span class='ocrx_word' id='word_1_116' title='bbox 767 1728 865 1773; x_wconf 85' lang='lat' dir='ltr'>aut</span> <span class='ocrx_word' id='word_1_117' title='bbox 896 1709 1179 1769; x_wconf 78' lang='lat' dir='ltr'>adbestias</span> <span class='ocrx_word' id='word_1_118' title='bbox 1196 1707 1559 1768; x_wconf 85' lang='lat' dir='ltr'>condemna-</span> 
     </span>
     <span class='ocr_line' id='line_1_21' title="bbox 359 1786 1557 1870; baseline -0.003 -20"><span class='ocrx_word' id='word_1_119' title='bbox 359 1790 478 1863; x_wconf 82' lang='lat' dir='ltr'>uit,</span> <span class='ocrx_word' id='word_1_120' title='bbox 507 1806 608 1849; x_wconf 86' lang='lat' dir='ltr'>aut</span> <span class='ocrx_word' id='word_1_121' title='bbox 636 1786 935 1849; x_wconf 82' lang='lat' dir='ltr'>bestiarum</span> <span class='ocrx_word' id='word_1_122' title='bbox 968 1809 1132 1854; x_wconf 83' lang='lat' dir='ltr'>more</span> <span class='ocrx_word' id='word_1_123' title='bbox 1168 1786 1557 1870; x_wconf 83' lang='lat' dir='ltr'>quadrupedes</span> 
     </span>
     <span class='ocr_line' id='line_1_22' title="bbox 360 1862 1556 1939; baseline -0.003 -10"><span class='ocrx_word' id='word_1_124' title='bbox 360 1888 532 1929; x_wconf 66' lang='lat' dir='ltr'>caua</span> <span class='ocrx_word' id='word_1_125' title='bbox 563 1868 810 1927; x_wconf 85' lang='lat' dir='ltr'>coercuit</span> <span class='ocrx_word' id='word_1_126' title='bbox 827 1886 956 1939; x_wconf 83' lang='lat' dir='ltr'>,aut</span> <span class='ocrx_word' id='word_1_127' title='bbox 978 1867 1201 1927; x_wconf 87' lang='lat' dir='ltr'>medios</span> <span class='ocrx_word' id='word_1_128' title='bbox 1230 1863 1367 1925; x_wconf 83' lang='lat' dir='ltr'>serra</span> <span class='ocrx_word' id='word_1_129' title='bbox 1397 1862 1556 1926; x_wconf 86' lang='lat' dir='ltr'>diffe-</span> 
     </span>
     <span class='ocr_line' id='line_1_23' title="bbox 363 1942 1555 2027; baseline -0.003 -20"><span class='ocrx_word' id='word_1_130' title='bbox 363 1948 498 2007; x_wconf 83' lang='lat' dir='ltr'>cuit.</span> <span class='ocrx_word' id='word_1_131' title='bbox 519 1952 646 2009; x_wconf 89' lang='lat' dir='ltr'>Nec</span> <span class='ocrx_word' id='word_1_132' title='bbox 675 1966 877 2005; x_wconf 82' lang='lat' dir='ltr'>onmes</span> <span class='ocrx_word' id='word_1_133' title='bbox 896 1944 1236 2027; x_wconf 83' lang='lat' dir='ltr'>grauibusex</span> <span class='ocrx_word' id='word_1_134' title='bbox 1248 1942 1446 2017; x_wconf 81' lang='lat' dir='ltr'>caufis,</span> <span class='ocrx_word' id='word_1_135' title='bbox 1466 1966 1555 2004; x_wconf 84' lang='lat' dir='ltr'>ve-</span> 
     </span>
     <span class='ocr_line' id='line_1_24' title="bbox 360 2020 1559 2101; baseline 0.001 -20"><span class='ocrx_word' id='word_1_136' title='bbox 360 2044 495 2083; x_wconf 86' lang='lat' dir='ltr'>rum</span> <span class='ocrx_word' id='word_1_137' title='bbox 511 2024 664 2082; x_wconf 84' lang='lat' dir='ltr'>male</span> <span class='ocrx_word' id='word_1_138' title='bbox 675 2024 746 2083; x_wconf 86' lang='lat' dir='ltr'>de</span> <span class='ocrx_word' id='word_1_139' title='bbox 761 2042 999 2081; x_wconf 82' lang='lat' dir='ltr'>munere</span> <span class='ocrx_word' id='word_1_140' title='bbox 1019 2020 1119 2081; x_wconf 90' lang='lat' dir='ltr'>suo</span> <span class='ocrx_word' id='word_1_141' title='bbox 1152 2022 1421 2101; x_wconf 79' lang='lat' dir='ltr'>opinatos</span> <span class='ocrx_word' id='word_1_142' title='bbox 1436 2065 1457 2095; x_wconf 91' lang='lat'>‚</span> <span class='ocrx_word' id='word_1_143' title='bbox 1475 2024 1559 2083; x_wconf 83' lang='lat' dir='ltr'>vel</span> 
     </span>
     <span class='ocr_line' id='line_1_25' title="bbox 363 2097 1559 2181; baseline 0.003 -25"><span class='ocrx_word' id='word_1_144' title='bbox 363 2100 527 2181; x_wconf 90' lang='lat' dir='ltr'>quod</span> <span class='ocrx_word' id='word_1_145' title='bbox 539 2121 845 2181; x_wconf 76' lang='lat' dir='ltr'>nunquam</span> <span class='ocrx_word' id='word_1_146' title='bbox 873 2118 975 2180; x_wconf 85' lang='lat' dir='ltr'>per</span> <span class='ocrx_word' id='word_1_147' title='bbox 992 2103 1243 2163; x_wconf 86' lang='lat' dir='ltr'>Genium</span> <span class='ocrx_word' id='word_1_148' title='bbox 1260 2097 1429 2159; x_wconf 87' lang='lat' dir='ltr'>suum</span> <span class='ocrx_word' id='word_1_149' title='bbox 1462 2102 1559 2160; x_wconf 77' lang='lat' dir='ltr'>de·</span> 
     </span>
     <span class='ocr_line' id='line_1_26' title="bbox 362 2175 1558 2258; baseline 0.002 -21"><span class='ocrx_word' id='word_1_150' title='bbox 362 2175 630 2238; x_wconf 81' lang='lat' dir='ltr'>ierass&#39;ent.</span> <span class='ocrx_word' id='word_1_151' title='bbox 681 2184 932 2240; x_wconf 87' lang='lat' dir='ltr'>Parentes</span> <span class='ocrx_word' id='word_1_152' title='bbox 986 2177 1261 2258; x_wconf 87' lang='lat' dir='ltr'>supplicio</span> <span class='ocrx_word' id='word_1_153' title='bbox 1302 2176 1558 2239; x_wconf 76' lang='lat' dir='ltr'>filiorum</span> 
     </span>
     <span class='ocr_line' id='line_1_27' title="bbox 361 2252 1559 2337; baseline 0.003 -24"><span class='ocrx_word' id='word_1_154' title='bbox 361 2252 614 2315; x_wconf 73' lang='lat' dir='ltr'>interesse</span> <span class='ocrx_word' id='word_1_155' title='bbox 639 2256 896 2337; x_wconf 84' lang='lat' dir='ltr'>cogebat.</span> <span class='ocrx_word' id='word_1_156' title='bbox 926 2256 1197 2334; x_wconf 84' lang='lat' dir='ltr'>Qorum</span> <span class='ocrx_word' id='word_1_157' title='bbox 1215 2256 1315 2314; x_wconf 81' lang='lat' dir='ltr'>vni</span> <span class='ocrx_word' id='word_1_158' title='bbox 1339 2258 1559 2316; x_wconf 84' lang='lat' dir='ltr'>valetu-</span> 
     </span>
     <span class='ocr_line' id='line_1_28' title="bbox 363 2330 1602 2396; baseline 0.005 -7"><span class='ocrx_word' id='word_1_159' title='bbox 363 2330 560 2389; x_wconf 86' lang='lat' dir='ltr'>dinem</span> <span class='ocrx_word' id='word_1_160' title='bbox 587 2330 869 2394; x_wconf 81' lang='lat' dir='ltr'>excusanti</span> <span class='ocrx_word' id='word_1_161' title='bbox 898 2337 1156 2396; x_wconf 73' lang='lat' dir='ltr'>lefflcam</span> <span class='ocrx_word' id='word_1_162' title='bbox 1174 2331 1324 2393; x_wconf 81' lang='lat' dir='ltr'>mifit</span> <span class='ocrx_word' id='word_1_163' title='bbox 1342 2356 1357 2393; x_wconf 72' lang='grc' dir='ltr'><strong>ε</strong></span> <span class='ocrx_word' id='word_1_164' title='bbox 1378 2336 1558 2395; x_wconf 85' lang='lat' dir='ltr'>alium</span> <span class='ocrx_word' id='word_1_165' title='bbox 1601 2352 1602 2359; x_wconf 75' lang='grc'>’</span> 
     </span>
     <span class='ocr_line' id='line_1_29' title="bbox 363 2404 1561 2496; baseline 0.008 -33"><span class='ocrx_word' id='word_1_166' title='bbox 363 2428 396 2463; x_wconf 93' lang='lat' dir='ltr'>e</span> <span class='ocrx_word' id='word_1_167' title='bbox 408 2404 721 2496; x_wconf 72' lang='lat' dir='ltr'>spe&amp;aculo</span> <span class='ocrx_word' id='word_1_168' title='bbox 752 2426 945 2488; x_wconf 82' lang='lat' dir='ltr'>poenae</span> <span class='ocrx_word' id='word_1_169' title='bbox 963 2457 980 2485; x_wconf 91' lang='lat'>‚</span> <span class='ocrx_word' id='word_1_170' title='bbox 996 2413 1173 2491; x_wconf 85' lang='lat' dir='ltr'>epulis</span> <span class='ocrx_word' id='word_1_171' title='bbox 1202 2409 1395 2477; x_wconf 81' lang='lat' dir='ltr'>statim</span> <span class='ocrx_word' id='word_1_172' title='bbox 1405 2411 1561 2473; x_wconf 86' lang='lat' dir='ltr'>adhi-</span> 
     </span>
     <span class='ocr_line' id='line_1_30' title="bbox 363 2482 1555 2570; baseline 0.011 -29"><span class='ocrx_word' id='word_1_173' title='bbox 363 2482 490 2545; x_wconf 82' lang='lat' dir='ltr'>buit</span> <span class='ocrx_word' id='word_1_174' title='bbox 505 2502 710 2570; x_wconf 85' lang='lat' dir='ltr'>‚atque</span> <span class='ocrx_word' id='word_1_175' title='bbox 724 2490 895 2549; x_wconf 85' lang='lat' dir='ltr'>omni</span> <span class='ocrx_word' id='word_1_176' title='bbox 918 2491 1194 2553; x_wconf 82' lang='lat' dir='ltr'>comitate</span> <span class='ocrx_word' id='word_1_177' title='bbox 1204 2490 1277 2555; x_wconf 76' lang='lat' dir='ltr'>ad</span> <span class='ocrx_word' id='word_1_178' title='bbox 1301 2488 1555 2555; x_wconf 77' lang='lat' dir='ltr'>hilarita-</span> 
     </span>
    </p>
   </div>
  </div>
 </body>
</html>
