1631 2994
309 122 421 192 3¹2
618 98 685 170 C
707 123 745 169 1.
772 116 827 168 Α
849 120 902 171 v
926 121 971 169 n
997 119 1024 169 ι
1046 121 1095 173 v
1112 120 1142 167 s

312 220 533 281 saluum
578 226 635 281 δι
672 220 1134 304 appropinquate
1175 212 1500 283 confitma‘a'

230 356 245 373 ,
320 316 464 359 rent.

382 383 443 441 X
457 380 485 437 1
500 380 529 435 1
544 380 591 437 1.
606 378 737 437 Nec
749 392 946 434 tamen
962 393 1152 455 expers
1162 375 1500 439 infidiarum

316 453 728 539 vsquequaque
744 452 1160 533 permansit,sed
1177 463 1232 516 δι
1247 476 1283 515 a
1308 454 1500 540 fingu-

318 534 388 593 lis
407 579 424 606 ,
455 542 510 593 &
526 550 625 613 per
647 530 980 604 faffionem,
1001 540 1055 591 &
1069 533 1322 617 denique
1349 537 1502 595 ciui-

318 610 363 671 li
390 612 541 673 bello
572 607 859 671 infestatus
885 608 981 678 est,
1033 617 1076 671 E
1105 612 1271 691 plebe
1311 612 1502 674 homo

317 691 491 749 noae
506 690 697 749 media
706 690 861 747 iuxta
875 689 1206 751 cubiculum
1227 694 1346 752 eius
1361 713 1502 752 cum
1598 694 1599 737 ἶ

318 770 579 853 pugione
604 769 641 828 d
714 766 1070 829 rehensusest
1087 792 1101 828 z
1120 788 1150 827 1·
1219 771 1324 829 etti
1351 780 1408 832 &
1437 792 1498 832 e-

374 845 565 908 uesttis
600 867 665 906 or
706 847 812 904 ‘nis
851 845 970 906 duo
991 849 1054 906 in
1099 865 1182 927 pu
1221 848 1335 908 lico
1365 870 1508 909 cum

408 927 542 985 lone
562 946 629 987 ac
662 927 954 983 venatorio
985 926 1164 985 cultro
1189 928 1510 1006 praestolan-

328 1022 412 1065 tes
426 1048 445 1077 ,
469 1004 605 1065 alter
622 1021 682 1063 vt
710 999 986 1085 egressum
1015 1003 1233 1063 theatro
1249 1050 1267 1079 ,
1299 1008 1437 1067 alter
1447 1026 1512 1066 vt

325 1078 726 1143 sacrificantem
736 1081 888 1161 apud
905 1084 1105 1144 Martis
1124 1084 1306 1143 aedem
1329 1085 1514 1144 adori-

332 1178 498 1223 tetur.
525 1158 994 1242 conspirauetant
1003 1179 1197 1221 autem
1209 1162 1282 1221 ad
1299 1184 1382 1224 res
1399 1184 1512 1223 no-

317 1256 434 1299 uas
454 1240 647 1301 Gallus
674 1236 892 1301 Afinius
921 1250 978 1303 &
1017 1240 1268 1303 Statilius
1305 1244 1516 1304 Corui-

333 1337 445 1378 nus
475 1363 493 1391 ,
526 1317 795 1387 Pollionis
819 1338 886 1378 ac
930 1317 1170 1383 Mefl'alae
1215 1339 1515 1381 oratorum

336 1414 575 1478 nepotes
587 1440 605 1468 ,
616 1394 906 1477 affumpds
919 1398 1309 1479 compluribus
1345 1400 1519 1459 libet·

342 1476 413 1536 tis
454 1472 623 1566 ipfius
645 1492 820 1564 :itque
859 1474 1040 1540 seruis.
1095 1477 1318 1538 Bellum
1352 1477 1520 1538 ciuile
1600 1511 1601 1546 1

340 1573 534 1614 mouit
563 1561 754 1616 Funus
786 1557 1063 1616 Camillus
1105 1556 1520 1618 Scribonianus
1600 1559 1601 1562 ’

342 1632 647 1694 Dalmatiae
658 1633 875 1714 legatus
904 1659 918 1696 ε
945 1653 1148 1696 verum
1176 1635 1324 1694 intra
1351 1637 1523 1718 quin-

340 1728 471 1772 tum
522 1709 697 1772 diem·
723 1710 1008 1792 oppteffus
1039 1711 1118 1774 est
1157 1758 1175 1787 ,
1197 1713 1526 1795 legionibus

346 1809 475 1872 quae
490 1787 901 1850 aeramentum
928 1809 1309 1866 mutauerant,
1321 1795 1386 1852 in
1395 1809 1523 1874 poe-

348 1867 652 1928 nitentium
690 1869 964 1958 religione
1005 1868 1286 1930 conuerfis
1314 1915 1335 1944 ,
1363 1869 1524 1951 post-

351 1966 539 2028 quam
568 1946 902 2006 denuntiato
937 1949 1014 2010 ad
1051 1967 1278 2008 nouum
1313 1950 1481 2030 impe
1501 1981 1525 1994 -
1599 1963 1601 2008 ς

348 2042 594 2084 ratorem
630 2025 826 2084 itinere
852 2071 871 2100 ,
921 2027 1046 2090 casu
1091 2027 1351 2110 quodam
1391 2069 1410 2098 ‚
1450 2047 1526 2086 an

352 2100 625 2162 diuinitus
652 2147 671 2176 ,
696 2123 889 2184 neque
913 2108 1116 2191 aquilae
1144 2107 1336 2166 ornari
1368 2148 1388 2180 ,
1411 2125 1528 2166 ne·

356 2191 473 2261 que
496 2177 655 2263 ligna
668 2183 920 2242 conuelli
947 2185 1291 2266 mouerique
1319 2201 1528 2265 potue-

356 2274 503 2321 tunt.

422 2340 491 2395 ‘X
506 2337 534 2394 1
550 2341 621 2395 V.
668 2297 1004 2408 conl-‘ulatus
1033 2338 1192 2422 supet
1219 2337 1527 2422 pristinum

357 2429 603 2492 quatuot
626 2414 785 2498 geffit
804 2440 821 2475 z
841 2419 1132 2502 exquibus
1143 2419 1288 2480 duos
1312 2421 1532 2510 ptimos

1393 2519 1524 2560 mn-
