1631 2994
473 77 1018 150 Avevsrvs.
1258 101 1355 169 511

168 189 323 252 diam
340 189 633 249 interceffit
648 189 736 248 his
753 187 934 248 verbis
947 235 966 263 ,
991 206 1185 270 neque
1199 191 1362 248 enim

161 269 239 328 ab
258 289 317 328 re
332 265 495 328 fuerit
515 265 631 346 ipsa
650 265 1006 350 cognoscere:
1028 267 1366 340 Permittite,

169 365 353 430 patres
368 343 688 426 conscripti,
712 366 746 404 a
756 345 962 426 pietate
977 343 1152 405 vestra
1171 344 1364 424 impe-

170 425 301 484 trari
319 424 511 508 ,quod
522 422 637 482 scio
661 444 759 483 me
776 421 1074 484 difficulter
1083 425 1358 502 impetra-

170 521 371 564 turum
386 547 405 574 ,
418 522 478 562 vt
494 503 775 562 damnatis
789 503 1032 561 liberum
1051 504 1253 562 mortis
1269 521 1359 560 ar-

170 576 410 640 bitrium
436 579 794 663 indulgeatis.
843 585 1002 643 Nam
1031 589 1086 642 &
1127 583 1364 660 parcetis

83 687 93 692 ·
173 657 357 721 oculis
382 657 611 732 vestriS,
654 667 707 719 &
732 659 1057 741 intelligent
1087 678 1186 718 me
1211 678 1349 718 om-
1395 688 1402 696 ·

161 756 275 796 mes
290 778 309 807 ,
324 734 538 796 senatui
562 731 878 798 interfuiffe.

240 821 303 878 X
320 820 348 875 1
366 819 413 876 1.
444 813 751 875 Exhaustus
788 832 1032 894 operum
1053 833 1119 874 ac
1151 833 1361 876 mune·

169 911 305 952 rum
320 891 586 974 impensis
612 891 995 984 ,stipendioq3
1027 892 1190 976 quod
1209 893 1365 952 adie-

173 991 324 1032 cerat
343 1015 361 1044 ,
378 974 622 1032 tentatiit
636 972 875 1055 quidem
897 1015 916 1044 ,
930 971 1001 1030 ad
1030 971 1364 1044 releuandos

173 1047 466 1112 castrenses
503 1047 763 1131 sumptus
794 1096 817 1123 ,
855 1051 1109 1110 militum
1143 1069 1390 1110 nume-·

168 1147 303 1192 rum
320 1127 655 1190 diminuere.
680 1129 793 1191 Sed
817 1149 954 1189 cum
973 1125 1368 1191 obnoxium'se

171 1205 417 1268 barbaris
486 1228 545 1268 er
573 1206 687 1268 hoc
710 1205 1189 1266 animaduerteret
1216 1239 1233 1282 3
1261 1226 1368 1266 ne·

173 1304 293 1368 qne
330 1305 399 1346 eo
457 1287 625 1346 ecius·
642 1288 707 1344 in
732 1283 1073 1366 explicandis
1098 1283 1370 1347 oneribus

172 1363 453 1424 bmnibus
482 1361 754 1426 haereret'-:
778 1361 1106 1443 nihil,penfi
1123 1361 1322 1422 habuit
1338 1398 1362 1436 5

174 1443 327 1527 quin
340 1441 585 1525 praedare
594 1460 685 1505 tur
718 1441 888 1504 <imni
905 1441 1089 1503 modo
1108 1440 1262 1501 bona
1277 1440 1368 1501 vi-

173 1518 389 1583 ‘uorum
416 1532 470 1585 δι
495 1542 886 1585 mortuorum.
927 1519 1368 1613 vsquequaquq

174 1602 442 1692 quolibet
456 1610 511 1662 &
526 1600 846 1671 accusatore
859 1647 876 1676 ,
893 1610 948 1664 &
962 1601 1204 1661 crimine
1239 1618 1368 1659 cor·

171 1678 693 1763 npiebantur.Satis
705 1701 822 1743 erat
831 1680 1012 1741 obiici
1029 1680 1340 1761 qualecum
1351 1710 1380 1725 -·

174 1780 295 1842 que
312 1758 529 1818 factum
544 1756 906 1841 dictumque,
921 1754 1216 1817 aduersum
1236 1776 1365 1814 ma·

172 1837 431 1898 iestatem
451 1839 738 1917 principis.
752 1834 1214 1899 Confiscabantnr
1227 1835 1369 1893 alie·

117 1986 125 1993 ,
174 1914 419 1991 grissimae
430 1914 758 1975 hereditates
782 1939 797 1971 e
814 1916 903 1975 vel
915 1912 1181 1974 existente
1213 1932 1328 1971 vno
1337 1952 1364 1984 ‚

176 1994 284 2077 qui
300 1992 505 2053 diceret
516 2036 535 2063 ,
548 1992 754 2053 audifl'e
768 1992 824 2052 se
839 1988 1350 2063 exdefun&0‚cum

175 2072 394 2133 viueret
422 2116 440 2145 ,
466 2069 733 2131 heredem
778 2070 882 2131 fibi
916 2067 1186 2131 Caesarem
1235 2068 1360 2131 effe.
1386 2110 1392 2116 -

182 2156 379 2213 Praeter
414 2167 653 2220 ceteros,
678 2148 940 2210 Iudaicus
951 2146 1112 2208 fiscus
1124 2144 1364 2207 acerbis.

180 2227 319 2290 fime
330 2230 487 2289 astus
515 2226 719 2288 estzad
737 2248 917 2310 quem
953 2222 1363 2297 deferebantur,

183 2310 291 2391 qui
306 2308 461 2369 velut
488 2304 707 2387 ptofessi
724 2352 743 2379 ,
776 2307 1068 2369 Iudaicam
1097 2306 1241 2365 intra
1257 2310 1368 2365 Vr-

182 2378 323 2471 bem
364 2385 617 2449 viuerent
644 2386 828 2447 vitam
857 2429 879 2463 ,
905 2384 996 2447 vel
1017 2382 1382 2475 dissimulata-

1010 2469 1063 2527 Y
1109 2468 1194 2542 mj

994 2610 1226 2645 0-..
