<?xml version="1.0" encoding="UTF-8"?>
<!DOCTYPE html PUBLIC "-//W3C//DTD XHTML 1.0 Transitional//EN"
    "http://www.w3.org/TR/xhtml1/DTD/xhtml1-transitional.dtd">
<html xmlns="http://www.w3.org/1999/xhtml" xml:lang="en" lang="en">
 <head>
  <title>
</title>
<meta http-equiv="Content-Type" content="text/html;charset=utf-8" />
  <meta name='ocr-system' content='tesseract 3.04.00' />
  <meta name='ocr-capabilities' content='ocr_page ocr_carea ocr_par ocr_line ocrx_word'/>
</head>
<body>
  <div class='ocr_page' id='page_1' title='image "./caivssvetonivst00suetgoog_0301.png"; bbox 0 0 1631 2994; ppageno 0'>
   <div class='ocr_carea' id='block_1_1' title="bbox 442 154 1384 252">
    <p class='ocr_par' dir='ltr' id='par_1_1' title="bbox 442 154 1384 252">
     <span class='ocr_line' id='line_1_1' title="bbox 442 154 1384 252; baseline 0.002 -27"><span class='ocrx_word' id='word_1_1' title='bbox 442 154 960 252; x_wconf 26' lang='lat' dir='ltr'>Cas—AR?</span> <span class='ocrx_word' id='word_1_2' title='bbox 1193 161 1384 241; x_wconf 37' lang='lat'>281·</span> 
     </span>
    </p>
   </div>
   <div class='ocr_carea' id='block_1_2' title="bbox 93 270 1399 2548">
    <p class='ocr_par' dir='ltr' id='par_1_2' title="bbox 93 270 1399 2548">
     <span class='ocr_line' id='line_1_2' title="bbox 99 270 1310 357; baseline 0.002 -24"><span class='ocrx_word' id='word_1_3' title='bbox 99 271 251 345; x_wconf 50' lang='lat' dir='ltr'>ais}</span> <span class='ocrx_word' id='word_1_4' title='bbox 264 290 456 355; x_wconf 86' lang='lat' dir='ltr'>neque</span> <span class='ocrx_word' id='word_1_5' title='bbox 474 270 769 353; x_wconf 73' lang='lat' dir='ltr'>propofiti&#39;s</span> <span class='ocrx_word' id='word_1_6' title='bbox 795 318 814 346; x_wconf 90' lang='lat'>,</span> <span class='ocrx_word' id='word_1_7' title='bbox 851 292 989 353; x_wconf 77' lang='lat' dir='ltr'>cum</span> <span class='ocrx_word' id='word_1_8' title='bbox 1023 275 1310 357; x_wconf 73' lang='lat' dir='ltr'>perigno-</span> 
     </span>
     <span class='ocr_line' id='line_1_3' title="bbox 96 350 1302 431; baseline 0.001 -19"><span class='ocrx_word' id='word_1_9' title='bbox 96 354 353 412; x_wconf 82' lang='lat' dir='ltr'>rantiam</span> <span class='ocrx_word' id='word_1_10' title='bbox 369 350 647 431; x_wconf 82' lang='lat' dir='ltr'>scripturae</span> <span class='ocrx_word' id='word_1_11' title='bbox 660 353 844 411; x_wconf 80' lang='lat' dir='ltr'>multa</span> <span class='ocrx_word' id='word_1_12' title='bbox 871 350 1170 411; x_wconf 79' lang='lat' dir='ltr'>commiffa</span> <span class='ocrx_word' id='word_1_13' title='bbox 1197 350 1302 413; x_wconf 74' lang='lat' dir='ltr'>fie-</span> 
     </span>
     <span class='ocr_line' id='line_1_4' title="bbox 96 431 1307 511; baseline 0 -21"><span class='ocrx_word' id='word_1_14' title='bbox 96 449 231 490; x_wconf 83' lang='lat' dir='ltr'>rent</span> <span class='ocrx_word' id='word_1_15' title='bbox 248 473 267 501; x_wconf 89' lang='lat'>,</span> <span class='ocrx_word' id='word_1_16' title='bbox 279 431 513 489; x_wconf 83' lang='lat' dir='ltr'>tandem</span> <span class='ocrx_word' id='word_1_17' title='bbox 532 432 820 511; x_wconf 77' lang='lat' dir='ltr'>flagitante</span> <span class='ocrx_word' id='word_1_18' title='bbox 833 431 1054 509; x_wconf 85' lang='lat' dir='ltr'>populo</span> <span class='ocrx_word' id='word_1_19' title='bbox 1085 438 1307 493; x_wconf 84' lang='lat' dir='ltr'>Roma-</span> 
     </span>
     <span class='ocr_line' id='line_1_5' title="bbox 96 506 1306 598; baseline -0.001 -30"><span class='ocrx_word' id='word_1_20' title='bbox 96 506 495 598; x_wconf 79' lang='lat' dir='ltr'>noproposuit</span> <span class='ocrx_word' id='word_1_21' title='bbox 509 510 747 589; x_wconf 87' lang='lat' dir='ltr'>quidem</span> <span class='ocrx_word' id='word_1_22' title='bbox 766 508 955 591; x_wconf 84' lang='lat' dir='ltr'>legem</span> <span class='ocrx_word' id='word_1_23' title='bbox 976 533 989 568; x_wconf 92' lang='lat'><strong>:</strong></span> <span class='ocrx_word' id='word_1_24' title='bbox 1010 508 1100 567; x_wconf 87' lang='lat' dir='ltr'>sed</span> <span class='ocrx_word' id='word_1_25' title='bbox 1115 519 1170 569; x_wconf 89' lang='lat'>&amp;</span> <span class='ocrx_word' id='word_1_26' title='bbox 1187 511 1306 567; x_wconf 87' lang='lat' dir='ltr'>mi-</span> 
     </span>
     <span class='ocr_line' id='line_1_6' title="bbox 96 585 1302 669; baseline 0.001 -23"><span class='ocrx_word' id='word_1_27' title='bbox 96 585 412 646; x_wconf 78' lang='lat' dir='ltr'>nunffimis</span> <span class='ocrx_word' id='word_1_28' title='bbox 424 586 595 645; x_wconf 84' lang='lat' dir='ltr'>literis</span> <span class='ocrx_word' id='word_1_29' title='bbox 618 632 637 659; x_wconf 86' lang='lat'>,</span> <span class='ocrx_word' id='word_1_30' title='bbox 650 596 704 647; x_wconf 85' lang='lat'>&amp;</span> <span class='ocrx_word' id='word_1_31' title='bbox 730 586 1120 669; x_wconf 82' lang='lat' dir='ltr'>angustiffimo</span> <span class='ocrx_word' id='word_1_32' title='bbox 1131 588 1262 647; x_wconf 83' lang='lat' dir='ltr'>loco</span> <span class='ocrx_word' id='word_1_33' title='bbox 1287 611 1302 647; x_wconf 73' lang='grc' dir='ltr'><strong><em>ε</em></strong></span> 
     </span>
     <span class='ocr_line' id='line_1_7' title="bbox 99 662 1308 748; baseline 0.002 -25"><span class='ocrx_word' id='word_1_34' title='bbox 99 667 283 723; x_wconf 80' lang='lat' dir='ltr'>vti’ne</span> <span class='ocrx_word' id='word_1_35' title='bbox 296 667 387 724; x_wconf 84' lang='lat' dir='ltr'>cui</span> <span class='ocrx_word' id='word_1_36' title='bbox 404 662 918 726; x_wconf 85' lang='lat' dir='ltr'>describereliceret.</span> <span class='ocrx_word' id='word_1_37' title='bbox 948 672 1034 728; x_wconf 82' lang='lat' dir='ltr'>Ac</span> <span class='ocrx_word' id='word_1_38' title='bbox 1047 686 1124 727; x_wconf 84' lang='lat' dir='ltr'>ne</span> <span class='ocrx_word' id='word_1_39' title='bbox 1143 664 1308 748; x_wconf 81' lang='lat' dir='ltr'>quod</span> 
     </span>
     <span class='ocr_line' id='line_1_8' title="bbox 93 742 1298 825; baseline -0.002 -20"><span class='ocrx_word' id='word_1_40' title='bbox 93 764 232 805; x_wconf 85' lang='lat' dir='ltr'>non</span> <span class='ocrx_word' id='word_1_41' title='bbox 272 742 677 801; x_wconf 79' lang='lat' dir='ltr'>manubiarum</span> <span class='ocrx_word' id='word_1_42' title='bbox 716 762 897 825; x_wconf 87' lang='lat' dir='ltr'>genus</span> <span class='ocrx_word' id='word_1_43' title='bbox 927 745 1298 821; x_wconf 81' lang='lat' dir='ltr'>experiretur,</span> 
     </span>
     <span class='ocr_line' id='line_1_9' title="bbox 94 819 1296 901; baseline -0.002 -20"><span class='ocrx_word' id='word_1_44' title='bbox 94 823 346 901; x_wconf 79' lang='lat' dir='ltr'>lupanar</span> <span class='ocrx_word' id='word_1_45' title='bbox 374 822 437 878; x_wconf 88' lang='lat' dir='ltr'>in</span> <span class='ocrx_word' id='word_1_46' title='bbox 473 822 687 881; x_wconf 81' lang='lat' dir='ltr'>Palatio</span> <span class='ocrx_word' id='word_1_47' title='bbox 717 819 1018 881; x_wconf 87' lang='lat' dir='ltr'>constituit</span> <span class='ocrx_word' id='word_1_48' title='bbox 1047 844 1062 880; x_wconf 74' lang='grc' dir='ltr'><strong><em>τ</em></strong></span> <span class='ocrx_word' id='word_1_49' title='bbox 1097 820 1296 883; x_wconf 85' lang='lat' dir='ltr'>distin-</span> 
     </span>
     <span class='ocr_line' id='line_1_10' title="bbox 97 896 1306 981; baseline -0.001 -22"><span class='ocrx_word' id='word_1_50' title='bbox 97 898 325 980; x_wconf 69' lang='lat' dir='ltr'>&amp;isque</span> <span class='ocrx_word' id='word_1_51' title='bbox 357 908 410 959; x_wconf 75' lang='grc' dir='ltr'>δε</span> <span class='ocrx_word' id='word_1_52' title='bbox 434 896 717 959; x_wconf 72' lang='lat' dir='ltr'>instruffls</span> <span class='ocrx_word' id='word_1_53' title='bbox 743 918 848 979; x_wconf 85' lang='lat' dir='ltr'>pro</span> <span class='ocrx_word' id='word_1_54' title='bbox 889 901 1003 959; x_wconf 85' lang='lat' dir='ltr'>loci</span> <span class='ocrx_word' id='word_1_55' title='bbox 1031 899 1306 981; x_wconf 79' lang='lat' dir='ltr'>dignitate</span> 
     </span>
     <span class='ocr_line' id='line_1_11' title="bbox 97 977 1304 1058; baseline -0.002 -20"><span class='ocrx_word' id='word_1_56' title='bbox 97 977 503 1057; x_wconf 84' lang='lat' dir='ltr'>compluribus</span> <span class='ocrx_word' id='word_1_57' title='bbox 526 978 678 1036; x_wconf 84' lang='lat' dir='ltr'>cellis</span> <span class='ocrx_word' id='word_1_58' title='bbox 691 1024 709 1049; x_wconf 91' lang='lat'>,</span> <span class='ocrx_word' id='word_1_59' title='bbox 730 980 792 1037; x_wconf 86' lang='lat' dir='ltr'>in</span> <span class='ocrx_word' id='word_1_60' title='bbox 808 978 1014 1058; x_wconf 83' lang='lat' dir='ltr'>quibus</span> <span class='ocrx_word' id='word_1_61' title='bbox 1029 995 1304 1036; x_wconf 80' lang='lat' dir='ltr'>matronae</span> 
     </span>
     <span class='ocr_line' id='line_1_12' title="bbox 94 1051 1306 1138; baseline -0.002 -23"><span class='ocrx_word' id='word_1_62' title='bbox 94 1057 467 1138; x_wconf 85' lang='lat' dir='ltr'>ingenuique</span> <span class='ocrx_word' id='word_1_63' title='bbox 494 1054 715 1117; x_wconf 76' lang='lat' dir='ltr'>starent.</span> <span class='ocrx_word' id='word_1_64' title='bbox 743 1053 898 1117; x_wconf 82' lang='lat' dir='ltr'>Mifit</span> <span class='ocrx_word' id='word_1_65' title='bbox 921 1056 1132 1114; x_wconf 88' lang='lat' dir='ltr'>circum</span> <span class='ocrx_word' id='word_1_66' title='bbox 1163 1051 1306 1129; x_wconf 80' lang='lat' dir='ltr'>fota,</span> 
     </span>
     <span class='ocr_line' id='line_1_13' title="bbox 101 1132 1296 1196; baseline -0.004 0"><span class='ocrx_word' id='word_1_67' title='bbox 101 1145 161 1196; x_wconf 85' lang='lat'>&amp;</span> <span class='ocrx_word' id='word_1_68' title='bbox 186 1132 455 1193; x_wconf 71' lang='lat' dir='ltr'>&#39;basilicas</span> <span class='ocrx_word' id='word_1_69' title='bbox 483 1134 976 1193; x_wconf 82' lang='lat' dir='ltr'>nomenculatores</span> <span class='ocrx_word' id='word_1_70' title='bbox 1017 1133 1089 1192; x_wconf 81' lang='lat' dir='ltr'>ad</span> <span class='ocrx_word' id='word_1_71' title='bbox 1144 1134 1296 1192; x_wconf 76' lang='lat' dir='ltr'>inui-</span> 
     </span>
     <span class='ocr_line' id='line_1_14' title="bbox 99 1210 1300 1273; baseline -0.002 0"><span class='ocrx_word' id='word_1_72' title='bbox 99 1211 314 1273; x_wconf 81' lang='lat' dir='ltr'>tandos</span> <span class='ocrx_word' id='word_1_73' title='bbox 324 1212 389 1269; x_wconf 87' lang='lat' dir='ltr'>in</span> <span class='ocrx_word' id='word_1_74' title='bbox 402 1210 699 1273; x_wconf 86' lang='lat' dir='ltr'>libidinem</span> <span class='ocrx_word' id='word_1_75' title='bbox 727 1214 959 1271; x_wconf 87' lang='lat' dir='ltr'>iuuenes</span> <span class='ocrx_word' id='word_1_76' title='bbox 989 1210 1152 1271; x_wconf 88' lang='lat' dir='ltr'>senes</span> <span class='ocrx_word' id='word_1_77' title='bbox 1183 1232 1254 1271; x_wconf 89' lang='lat' dir='ltr'>ue</span> <span class='ocrx_word' id='word_1_78' title='bbox 1283 1234 1300 1271; x_wconf 73' lang='lat' dir='ltr'>t</span> 
     </span>
     <span class='ocr_line' id='line_1_15' title="bbox 96 1286 1300 1375; baseline -0.002 -25"><span class='ocrx_word' id='word_1_79' title='bbox 96 1291 339 1375; x_wconf 74' lang='lat' dir='ltr'>praebita</span> <span class='ocrx_word' id='word_1_80' title='bbox 347 1288 775 1349; x_wconf 84' lang='lat' dir='ltr'>aduenientibus</span> <span class='ocrx_word' id='word_1_81' title='bbox 790 1291 1030 1369; x_wconf 78' lang='lat' dir='ltr'>pecunia</span> <span class='ocrx_word' id='word_1_82' title='bbox 1041 1286 1166 1348; x_wconf 88' lang='lat' dir='ltr'>fene</span> <span class='ocrx_word' id='word_1_83' title='bbox 1206 1290 1300 1361; x_wconf 86' lang='lat' dir='ltr'>ris,</span> 
     </span>
     <span class='ocr_line' id='line_1_16' title="bbox 97 1364 1300 1450; baseline -0.003 -21"><span class='ocrx_word' id='word_1_84' title='bbox 97 1369 467 1450; x_wconf 69' lang='lat' dir='ltr'>appositique</span> <span class='ocrx_word' id='word_1_85' title='bbox 484 1370 587 1449; x_wconf 83' lang='lat' dir='ltr'>qui</span> <span class='ocrx_word' id='word_1_86' title='bbox 600 1370 845 1427; x_wconf 82' lang='lat' dir='ltr'>nomina</span> <span class='ocrx_word' id='word_1_87' title='bbox 869 1368 1060 1447; x_wconf 78' lang='lat' dir='ltr'>palam</span> <span class='ocrx_word' id='word_1_88' title='bbox 1089 1364 1300 1425; x_wconf 89' lang='lat' dir='ltr'>subno-</span> 
     </span>
     <span class='ocr_line' id='line_1_17' title="bbox 100 1443 1370 1530; baseline -0.003 -21"><span class='ocrx_word' id='word_1_89' title='bbox 100 1466 291 1509; x_wconf 72' lang='lat' dir='ltr'>ment</span> <span class='ocrx_word' id='word_1_90' title='bbox 310 1491 329 1520; x_wconf 88' lang='lat'>,</span> <span class='ocrx_word' id='word_1_91' title='bbox 346 1444 500 1530; x_wconf 70' lang='lat' dir='ltr'>quasi</span> <span class='ocrx_word' id='word_1_92' title='bbox 518 1446 912 1506; x_wconf 82' lang='lat' dir='ltr'>adiuuantium</span> <span class='ocrx_word' id='word_1_93' title='bbox 933 1443 1151 1506; x_wconf 79' lang='lat' dir='ltr'>Caesaris</span> <span class='ocrx_word' id='word_1_94' title='bbox 1175 1443 1304 1505; x_wconf 63' lang='lat' dir='ltr'>red&lt;</span> <span class='ocrx_word' id='word_1_95' title='bbox 1361 1481 1370 1489; x_wconf 93' lang='lat'><strong>·</strong></span> 
     </span>
     <span class='ocr_line' id='line_1_18' title="bbox 100 1522 1368 1608; baseline -0.004 -21"><span class='ocrx_word' id='word_1_96' title='bbox 100 1530 239 1588; x_wconf 84' lang='lat' dir='ltr'>itus.</span> <span class='ocrx_word' id='word_1_97' title='bbox 269 1531 355 1588; x_wconf 85' lang='lat' dir='ltr'>Ac</span> <span class='ocrx_word' id='word_1_98' title='bbox 370 1545 445 1585; x_wconf 90' lang='lat' dir='ltr'>ne</span> <span class='ocrx_word' id='word_1_99' title='bbox 461 1545 533 1584; x_wconf 82' lang='lat' dir='ltr'>ex</span> <span class='ocrx_word' id='word_1_100' title='bbox 560 1522 682 1586; x_wconf 83' lang='lat' dir='ltr'>lusu</span> <span class='ocrx_word' id='word_1_101' title='bbox 716 1523 956 1608; x_wconf 78' lang='lat' dir='ltr'>quidem</span> <span class='ocrx_word' id='word_1_102' title='bbox 979 1525 1109 1584; x_wconf 82' lang='lat' dir='ltr'>aleae</span> <span class='ocrx_word' id='word_1_103' title='bbox 1135 1543 1304 1583; x_wconf 58' lang='lat' dir='ltr'>com*</span> <span class='ocrx_word' id='word_1_104' title='bbox 1361 1561 1368 1570; x_wconf 92' lang='lat'><em>-</em></span> 
     </span>
     <span class='ocr_line' id='line_1_19' title="bbox 96 1601 1304 1688; baseline -0.004 -23"><span class='ocrx_word' id='word_1_105' title='bbox 96 1605 389 1688; x_wconf 81' lang='lat' dir='ltr'>pendium</span> <span class='ocrx_word' id='word_1_106' title='bbox 412 1601 673 1684; x_wconf 79' lang='lat' dir='ltr'>spernens</span> <span class='ocrx_word' id='word_1_107' title='bbox 690 1649 707 1675; x_wconf 90' lang='lat'>,</span> <span class='ocrx_word' id='word_1_108' title='bbox 722 1604 852 1683; x_wconf 85' lang='lat' dir='ltr'>plus</span> <span class='ocrx_word' id='word_1_109' title='bbox 885 1601 1188 1662; x_wconf 82' lang='lat' dir='ltr'>mendacio</span> <span class='ocrx_word' id='word_1_110' title='bbox 1214 1619 1304 1660; x_wconf 85' lang='lat' dir='ltr'>at-</span> 
     </span>
     <span class='ocr_line' id='line_1_20' title="bbox 151 1680 1299 1762; baseline -0.004 -19"><span class='ocrx_word' id='word_1_111' title='bbox 151 1703 225 1743; x_wconf 88' lang='lat' dir='ltr'>ue</span> <span class='ocrx_word' id='word_1_112' title='bbox 240 1684 412 1742; x_wconf 82' lang='lat' dir='ltr'>etiam</span> <span class='ocrx_word' id='word_1_113' title='bbox 426 1680 1010 1762; x_wconf 81' lang='lat' dir='ltr'>periuriolucrabatur.</span> <span class='ocrx_word' id='word_1_114' title='bbox 1021 1685 1088 1740; x_wconf 82' lang='lat' dir='ltr'>Et</span> <span class='ocrx_word' id='word_1_115' title='bbox 1103 1699 1299 1762; x_wconf 76' lang='lat' dir='ltr'>quon-</span> 
     </span>
     <span class='ocr_line' id='line_1_21' title="bbox 260 1757 1304 1840; baseline -0.003 -21"><span class='ocrx_word' id='word_1_116' title='bbox 260 1761 527 1840; x_wconf 84' lang='lat' dir='ltr'>proximo</span> <span class='ocrx_word' id='word_1_117' title='bbox 543 1757 799 1819; x_wconf 79' lang='lat' dir='ltr'>collusori</span> <span class='ocrx_word' id='word_1_118' title='bbox 813 1757 1154 1818; x_wconf 79' lang='lat' dir='ltr'>demandata</span> <span class='ocrx_word' id='word_1_119' title='bbox 1177 1760 1304 1816; x_wconf 80' lang='lat' dir='ltr'>vice</span> 
     </span>
     <span class='ocr_line' id='line_1_22' title="bbox 97 1835 1298 1922; baseline -0.007 -19"><span class='ocrx_word' id='word_1_120' title='bbox 97 1841 203 1903; x_wconf 80' lang='lat' dir='ltr'>sua</span> <span class='ocrx_word' id='word_1_121' title='bbox 216 1883 235 1912; x_wconf 85' lang='lat'>,</span> <span class='ocrx_word' id='word_1_122' title='bbox 248 1835 560 1922; x_wconf 75' lang='lat' dir='ltr'>progr-estiis</span> <span class='ocrx_word' id='word_1_123' title='bbox 582 1845 645 1895; x_wconf 77' lang='lat' dir='ltr'>in</span> <span class='ocrx_word' id='word_1_124' title='bbox 672 1839 882 1900; x_wconf 80' lang='lat' dir='ltr'>atrium</span> <span class='ocrx_word' id='word_1_125' title='bbox 899 1836 1109 1894; x_wconf 84' lang='lat' dir='ltr'>domus</span> <span class='ocrx_word' id='word_1_126' title='bbox 1127 1879 1146 1906; x_wconf 83' lang='lat'>,</span> <span class='ocrx_word' id='word_1_127' title='bbox 1160 1855 1298 1894; x_wconf 87' lang='lat' dir='ltr'>cum</span> 
     </span>
     <span class='ocr_line' id='line_1_23' title="bbox 143 1915 1302 1996; baseline -0.008 -16"><span class='ocrx_word' id='word_1_128' title='bbox 143 1935 499 1980; x_wconf 80' lang='lat' dir='ltr'>raetereuntes</span> <span class='ocrx_word' id='word_1_129' title='bbox 534 1915 677 1976; x_wconf 84' lang='lat' dir='ltr'>duos</span> <span class='ocrx_word' id='word_1_130' title='bbox 729 1916 948 1996; x_wconf 83' lang='lat' dir='ltr'>equites</span> <span class='ocrx_word' id='word_1_131' title='bbox 1001 1921 1302 1976; x_wconf 79' lang='lat' dir='ltr'>Romanos</span> 
     </span>
     <span class='ocr_line' id='line_1_24' title="bbox 97 1940 1364 2076; baseline -0.008 -17"><span class='ocrx_word' id='word_1_132' title='bbox 97 1940 417 2076; x_wconf 71' lang='lat' dir='ltr'>focupletes</span> <span class='ocrx_word' id='word_1_133' title='bbox 443 1993 557 2054; x_wconf 87' lang='lat' dir='ltr'>fine</span> <span class='ocrx_word' id='word_1_134' title='bbox 570 2013 735 2053; x_wconf 80' lang='lat' dir='ltr'>mora</span> <span class='ocrx_word' id='word_1_135' title='bbox 760 1993 1001 2073; x_wconf 83' lang='lat' dir='ltr'>corripi,</span> <span class='ocrx_word' id='word_1_136' title='bbox 1031 1987 1302 2050; x_wconf 70' lang='lat' dir='ltr'>confisoe·</span> <span class='ocrx_word' id='word_1_137' title='bbox 1357 2031 1364 2038; x_wconf 77' lang='lat'><strong>·</strong></span> 
     </span>
     <span class='ocr_line' id='line_1_25' title="bbox 99 2069 1304 2160; baseline -0.01 -23"><span class='ocrx_word' id='word_1_138' title='bbox 99 2079 273 2160; x_wconf 85' lang='lat' dir='ltr'>rique</span> <span class='ocrx_word' id='word_1_139' title='bbox 309 2071 537 2135; x_wconf 81' lang='lat' dir='ltr'>iuffifl&#39;et</span> <span class='ocrx_word' id='word_1_140' title='bbox 568 2117 589 2144; x_wconf 91' lang='lat'><strong>,</strong></span> <span class='ocrx_word' id='word_1_141' title='bbox 614 2070 884 2130; x_wconf 78' lang='lat' dir='ltr'>exsultans</span> <span class='ocrx_word' id='word_1_142' title='bbox 907 2069 1066 2130; x_wconf 86' lang='lat' dir='ltr'>rediit</span> <span class='ocrx_word' id='word_1_143' title='bbox 1104 2113 1123 2141; x_wconf 89' lang='lat'>,</span> <span class='ocrx_word' id='word_1_144' title='bbox 1171 2069 1304 2151; x_wconf 85' lang='lat' dir='ltr'>glo-</span> 
     </span>
     <span class='ocr_line' id='line_1_26' title="bbox 100 2145 1302 2236; baseline -0.006 -21"><span class='ocrx_word' id='word_1_145' title='bbox 100 2151 369 2236; x_wconf 74' lang='lat' dir='ltr'>riansque</span> <span class='ocrx_word' id='word_1_146' title='bbox 395 2169 706 2235; x_wconf 71' lang='lat' dir='ltr'>nunfluam</span> <span class='ocrx_word' id='word_1_147' title='bbox 728 2145 785 2208; x_wconf 85' lang='lat' dir='ltr'>se</span> <span class='ocrx_word' id='word_1_148' title='bbox 804 2147 1148 2228; x_wconf 82' lang='lat' dir='ltr'>prosperiore</span> <span class='ocrx_word' id='word_1_149' title='bbox 1181 2147 1302 2208; x_wconf 75' lang='lat' dir='ltr'>alea</span> 
     </span>
     <span class='ocr_line' id='line_1_27' title="bbox 108 2231 1308 2294; baseline -0.005 0"><span class='ocrx_word' id='word_1_150' title='bbox 108 2231 307 2294; x_wconf 76' lang='lat' dir='ltr'>vsum.</span> <span class='ocrx_word' id='word_1_151' title='bbox 899 2247 906 2252; x_wconf 86' lang='lat'><strong>·</strong></span> <span class='ocrx_word' id='word_1_152' title='bbox 1305 2266 1308 2274; x_wconf 88' lang='lat'>·</span> 
     </span>
     <span class='ocr_line' id='line_1_28' title="bbox 175 2308 1330 2382; baseline -0.016 -7"><span class='ocrx_word' id='word_1_153' title='bbox 175 2317 237 2375; x_wconf 84' lang='lat' dir='ltr'>X</span> <span class='ocrx_word' id='word_1_154' title='bbox 250 2315 297 2370; x_wconf 91' lang='lat' dir='ltr'>L</span> <span class='ocrx_word' id='word_1_155' title='bbox 311 2315 339 2369; x_wconf 94' lang='grc' dir='ltr'>Ι</span> <span class='ocrx_word' id='word_1_156' title='bbox 356 2313 403 2370; x_wconf 88' lang='lat'>1.</span> <span class='ocrx_word' id='word_1_157' title='bbox 425 2308 563 2368; x_wconf 78' lang='lat' dir='ltr'>Filia</span> <span class='ocrx_word' id='word_1_158' title='bbox 575 2325 708 2364; x_wconf 80' lang='lat' dir='ltr'>veto</span> <span class='ocrx_word' id='word_1_159' title='bbox 722 2321 874 2374; x_wconf 70' lang='lat' dir='ltr'>nam,</span> <span class='ocrx_word' id='word_1_160' title='bbox 893 2321 1006 2382; x_wconf 82' lang='lat' dir='ltr'>pau</span> <span class='ocrx_word' id='word_1_161' title='bbox 1045 2319 1302 2382; x_wconf 47' lang='lat' dir='ltr'>etatem,</span> <span class='ocrx_word' id='word_1_162' title='bbox 1325 2349 1330 2356; x_wconf 89' lang='lat'><strong>.</strong></span> 
     </span>
     <span class='ocr_line' id='line_1_29' title="bbox 104 2380 1365 2466; baseline -0.013 -14"><span class='ocrx_word' id='word_1_163' title='bbox 104 2411 219 2452; x_wconf 86' lang='lat' dir='ltr'>nec</span> <span class='ocrx_word' id='word_1_164' title='bbox 232 2389 349 2448; x_wconf 78' lang='lat' dir='ltr'>iam</span> <span class='ocrx_word' id='word_1_165' title='bbox 364 2384 727 2466; x_wconf 79' lang='lat' dir='ltr'>imperatoria</span> <span class='ocrx_word' id='word_1_166' title='bbox 753 2380 935 2442; x_wconf 85' lang='lat' dir='ltr'>modo</span> <span class='ocrx_word' id='word_1_167' title='bbox 955 2423 974 2452; x_wconf 84' lang='lat'>,</span> <span class='ocrx_word' id='word_1_168' title='bbox 1021 2381 1091 2440; x_wconf 88' lang='lat' dir='ltr'>ed</span> <span class='ocrx_word' id='word_1_169' title='bbox 1107 2387 1174 2438; x_wconf 74' lang='grc' dir='ltr'>’δι</span> <span class='ocrx_word' id='word_1_170' title='bbox 1201 2396 1306 2456; x_wconf 78' lang='lat' dir='ltr'>pa-</span> <span class='ocrx_word' id='word_1_171' title='bbox 1357 2413 1365 2424; x_wconf 88' lang='lat'><strong>·</strong></span> 
     </span>
     <span class='ocr_line' id='line_1_30' title="bbox 107 2457 1399 2548; baseline -0.012 -19"><span class='ocrx_word' id='word_1_172' title='bbox 107 2467 217 2529; x_wconf 74' lang='lat' dir='ltr'>tria</span> <span class='ocrx_word' id='word_1_173' title='bbox 230 2483 587 2548; x_wconf 77' lang='lat' dir='ltr'>conquerens</span> <span class='ocrx_word' id='word_1_174' title='bbox 598 2481 770 2522; x_wconf 76' lang='lat' dir='ltr'>onera</span> <span class='ocrx_word' id='word_1_175' title='bbox 788 2503 809 2534; x_wconf 79' lang='lat'>,</span> <span class='ocrx_word' id='word_1_176' title='bbox 821 2457 1150 2522; x_wconf 78' lang='lat' dir='ltr'>collationes</span> <span class='ocrx_word' id='word_1_177' title='bbox 1161 2457 1226 2516; x_wconf 87' lang='lat' dir='ltr'>in</span> <span class='ocrx_word' id='word_1_178' title='bbox 1239 2475 1306 2537; x_wconf 57' lang='lat' dir='ltr'>ag</span> <span class='ocrx_word' id='word_1_179' title='bbox 1388 2488 1399 2500; x_wconf 56' lang='grc' dir='ltr'><em>ι</em></span> 
     </span>
    </p>
   </div>
  </div>
 </body>
</html>
