1631 2994
243 147 320 210 16
595 143 628 208 1
663 159 716 210 v
753 161 792 208 1.
834 155 861 206 1
897 157 946 208 v
988 159 1017 206 s

242 257 550 320 absterrito,
567 263 728 320 Marc
734 277 840 316 um
860 261 1147 320 Catonem
1162 253 1440 336 interpel-

243 339 461 398 lantem
481 333 690 406 extrahi
711 337 867 396 curia
936 355 993 394 er
1008 335 1269 394 lictorem
1290 378 1309 407 ‚
1324 334 1463 396 du·-

243 418 298 476 ci
343 437 415 476 ue
429 417 492 475 in
513 435 794 476 carcetem
810 353 977 474 iuAEt.
1007 415 1185 474 Lucio
1222 415 1443 475 Lucul-

246 496 308 555 lo
337 495 544 556 iberius
573 491 841 554 resistenti
869 509 1098 552 tantum
1116 493 1441 554 calumnia·

247 595 382 635 tum
396 592 622 635 metum
635 573 861 644 iniecit,
893 589 955 630 vt
984 571 1057 630 ad
1074 591 1265 655 genua
1289 572 1443 632 vltra

247 651 347 713 fibi
359 653 649 714 accideret.
674 653 954 713 Cicerone
965 651 1029 708 in
1040 651 1255 712 iudicio
1274 671 1433 736 quo-

249 731 390 792 dam
432 731 760 812 deplorante
811 748 1148 820 temporum
1188 729 1443 804 statum,

255 811 526 874 Publium
558 809 837 870 Clodium
862 809 1173 870 immicum
1190 807 1445 870 eiusfru-

249 887 360 950 stta
390 887 736 970 iampridem
762 908 799 948 a
825 887 1077 970 patribus
1103 888 1177 949 ad
1204 889 1443 969 plebem

253 965 480 1030 ttanfite
493 969 779 1028 nitentem
801 1012 819 1042 ‚
833 965 1041 1034 eodem
1055 967 1171 1042 die,
1182 965 1451 1048 horaque,

253 1069 413 1108 nona
429 1093 448 1118 ,
463 1045 785 1114 transduxit.
801 1043 1097 1110 Postremo
1108 1049 1173 1107 in
1200 1047 1438 1110 minet-

249 1125 341 1190 sos
381 1125 602 1186 diuexsae
629 1123 893 1186 fastionis
931 1125 1153 1186 induxit
1178 1128 1466 1191 Vettium.

253 1207 532 1287 praemiis,
569 1223 630 1264 vt
651 1203 706 1265 st:
738 1205 810 1264 de
847 1201 1139 1266 inferenda
1161 1207 1463 1287 Pompeio,

254 1305 398 1348 nece
407 1284 750 1346 felicitatum
775 1305 810 1344 a
837 1282 1182 1368 quibusdam
1211 1283 1451 1366 profite-

251 1382 425 1438 tetur,
439 1359 865 1447 productusque
889 1379 998 1443 pro
1014 1362 1229 1428 Rostris
1238 1365 1449 1424 austo-

255 1463 342 1509 xes
373 1463 442 1505 ex
463 1445 773 1525 compacto
799 1443 1169 1505 nominaret:
1205 1439 1296 1503 sed
1324 1461 1452 1505 vno

253 1519 1456 1683 stqffmf‘ffilssszsszzsstsffissssssf

261 1682 446 1762 cipitis
472 1680 690 1742 eonfflii
732 1646 1011 1742 eue’ntum
1042 1726 1063 1757 ,
1101 1680 1458 1765 intercepiffe

263 1780 490 1823 veneno
524 1759 780 1821 indicem
791 1759 1049 1821 creditur.

336 1838 685 1916 XXLSub
717 1838 878 1899 idem
913 1839 1144 1921 tempus
1200 1838 1459 1921 Calpur.

251 1919 419 1980 niam
433 1919 591 1981 Lucii
612 1918 825 1979 Pisonis
842 1914 1342 1990 filiam,sueceffusi
1360 1916 1441 1979 fi-

262 1998 323 2058 bi
349 2000 412 2058 in
428 1994 720 2059 consulatu
732 2042 752 2072 ,
769 1995 931 2059 duxit
960 2014 1199 2057 onrem
1221 2019 1236 2056 t
1253 1992 1457 2059 suam-

267 2096 387 2162 que
414 2076 625 2140 Iuliam
659 2078 847 2139 Cneio
884 2076 1167 2157 Pompeio
1197 2075 1461 2138 colloca-

267 2159 354 2219 uit
381 2200 404 2231 ‚
427 2155 726 2235 tepudiato
751 2156 940 2237 ptiote
964 2154 1167 2236 sponso
1204 2157 1459 2229 Seruilio

267 2240 368 2297 Cae
409 2236 546 2303 ione
575 2278 595 2307 ,
639 2236 800 2295 cuius
836 2234 927 2297 vel
954 2235 1236 2315 praecipua
1280 2252 1473 2317 opera.

264 2329 380 2394 pau
403 2333 441 2370 o
455 2328 586 2371 ante
597 2312 1347 2397 Bibulumimpugnauerat.
1367 2319 1461 2379 Ac

269 2386 401 2469 post
425 2408 646 2450 nouam
685 2389 1054 2463 affinitatem,
1096 2394 1457 2472 Pompeium

269 2464 534 2553 primum
589 2486 792 2559 togate
832 2466 1173 2535 seutentiam
1218 2474 1415 2555 coepit,
1439 2518 1467 2553 ,
