1631 2994
489 101 939 172 CAEsAni
1198 125 1319 189 273

129 218 371 291 malleo,
395 220 723 278 cultrarium
739 219 1035 278 mastauit.
1063 217 1335 292 Lautiote.

129 298 414 357 conuiuio
446 295 646 358 effusus
671 296 859 357 subito
892 299 956 356 in
986 295 1327 372 cachinnos,

129 374 391 454 consules
409 379 513 459 qui
529 377 684 434 iuxta
700 375 987 436 cubabant
1004 422 1022 449 ,
1041 377 1327 458 quidnam

128 453 335 514 rideret
348 454 556 513 blande
571 454 955 536 quaetentibus
986 478 1000 515 :
1018 455 1183 537 Qd
1200 501 1219 528 ,
1233 459 1330 515 in-

115 531 395 615 ⁵quit,nifi
407 553 524 592 vno
538 553 675 592 meo
689 551 837 592 nutu
855 535 1095 616 iugulari
1111 551 1329 595 vttum-

131 629 252 692 que
267 609 519 670 vestrum
555 612 748 672 statim
767 612 953 693 poss'e?

199 695 259 751 X
279 695 337 752 X
356 696 414 752 X
432 697 458 751 1
477 697 506 752 1
521 698 568 754 Ι.
599 697 754 752 Inter
768 692 950 752 varios
967 691 1127 756 iocos
1150 735 1169 766 ‚
1183 705 1327 753 cum

124 765 692 829 affistensfimulacto
721 771 879 830 Iouis
915 771 965 830 A
1008 769 1179 829 ellem
1212 787 1327 830 tra-

173 844 380 906 oedum
405 846 756 908 consuluiffet
772 891 790 920 ‚
803 865 924 907 vter
940 847 953 858 '
978 848 1019 905 li
1033 849 1217 907 maior
1232 851 1321 906 vi-

173 941 354 996 etetur
374 969 392 997 ,
409 928 778 986 cunctantem
809 925 1046 1008 flagellis
1070 925 1287 986 discidit
1301 950 1321 988 z

128 1002 462 1062 collaudans
475 1002 713 1064 subinde
726 1023 935 1064 vocem
952 1003 1327 1084 deprecantis,

131 1079 293 1154 quasi
334 1083 510 1141 etiam
557 1085 623 1142 in
667 1083 896 1167 gemitu
952 1082 1325 1161 praedulcem

127 1159 382 1236 Qoties
398 1163 579 1222 onris
593 1165 682 1221 vel
697 1161 959 1221 amiculae
974 1160 1191 1236 collum
1224 1181 1326 1222 ex-

125 1237 472 1298 oscularetur
497 1286 516 1314 ,
534 1239 980 1314 addebatzTam
1008 1241 1163 1298 bona
1196 1259 1327 1300 cet-

125 1319 224 1376 uix
243 1361 260 1388 ,
275 1314 440 1378 fimul
461 1339 529 1378 ac
542 1315 764 1392 iuffem,
783 1318 1055 1378 demetur.
1080 1318 1247 1452 ᾟ-ἰη
1264 1328 1323 1382 δε

121 1393 364 1455 subinde
391 1396 632 1456 iad'tabat
648 1443 669 1470 ,
702 1393 1116 1479 Exquisitumm
1165 1417 1195 1453 e
1229 1399 1320 1457 vel

125 1471 370 1534 fidiculis
385 1473 455 1535 de
477 1475 734 1537 Caesonia
745 1473 841 1540 sua
858 1521 878 1550 ,
896 1494 996 1535 cur
1007 1495 1135 1536 eam
1153 1491 1326 1537 tanto‘

126 1572 302 1637 opere
333 1552 432 1613 dili
478 1573 610 1617 eret.
824 1625 833 1631 ,
970 1626 977 1633 ,
1320 1621 1326 1631 ,

201 1638 411 1697 ΧΧΧ
476 1642 546 1697 V.
603 1640 732 1697 Nec
765 1632 991 1709 minore
1027 1634 1207 1694 liuore
1248 1646 1325 1696 ac·

121 1712 486 1793 malignitate
504 1732 686 1797 quam
714 1710 971 1791 superbia
992 1710 1319 1795 saeuitiaque

118 1808 274 1873 pene
285 1790 542 1851 aduersus
557 1792 755 1850 omnis
768 1790 877 1849 aeui
892 1788 1160 1849 homines
1174 1788 1321 1871 grafi-

116 1868 272 1930 fitus
303 1868 400 1930 est.
449 1874 673 1931 Statuas
701 1869 955 1926 vitorum
985 1866 1315 1941 illustrium,

119 1948 196 2007 ab
351 1946 477 2007 usto
490 1970 559 2007 ex
579 1946 907 2037 Capitolina
931 1964 1059 2005 area
1083 1960 1315 2025 propter

118 1954 410 2110 maffia
424 2028 488 2085 in
518 2034 797 2089 Mamum
828 2042 957 2082 cam
1003 2042 1109 2082 um
1140 2025 1314 2082 colla·

122 2124 208 2165 tas
230 2150 250 2179 ‚
271 2107 352 2163 ita
378 2103 651 2164 subuertit
678 2120 855 2183 atque
881 2102 933 2159 d·
981 2103 1199 2174 ecit,vt
1219 2124 1330 2177 re-,

119 2182 279 2243 stitui
303 2182 465 2243 aluis
493 2182 668 2243 titulis
697 2202 822 2239 non
850 2179 1143 2243 valuerint.
1192 2188 1313 2241 Ve-

121 2264 354 2344 tuitque
390 2260 630 2341 posthae
662 2258 988 2317 viuentitxm
1031 2258 1313 2340 cuiquam

121 2340 369 2423 v'squam
417 2338 663 2399 statuam
690 2354 789 2395 aut
815 2337 1136 2429 imaginem
1164 2381 1182 2407 ,
1208 2332 1311 2394 nisi

121 2417 386 2483 consulto
400 2414 523 2480 se&
539 2416 796 2489 austere,
820 2432 982 2497 pom.
1018 2416 1315 2495 Cogitaui}

963 2500 1037 2559 M
1117 2512 1165 2561 V.
