1631 2994
271 78 424 197 284⁵
674 62 1066 193 CA 1vs

273 220 653 305 truncatisque
680 224 972 289 arboribus
1008 269 1027 298 ,
1057 224 1197 283 &in
1222 225 1472 286 modum

271 320 615 385 tropaeorum
634 302 916 362 adornatis
928 304 1000 361 ad
1027 304 1251 366 lumina
1288 324 1471 365 reuer-

274 379 363 441 sus
380 427 397 455 ‚
418 402 619 442 eorum
645 383 885 463 quidem
902 383 1003 463 qui
1033 380 1202 441 secuti
1235 403 1358 441 non
1393 381 1472 442 es-

272 456 393 521 sent
411 504 429 531 ,
444 460 809 519 timiditatem
827 468 882 519 &
909 460 1136 542 ignaui'a‘t
1166 463 1470 540 corripuit:

274 539 519 597 comites
552 556 745 597 autem
772 547 828 597 &
865 539 1162 617 participes
1189 538 1436 599 vistoriae
1451 584 1470 612 ,

274 636 436 675 nouo
452 636 657 698 genere
672 636 737 674 ac
754 617 997 674 nornine
1013 636 1356 675 coronarum
1373 616 1472 676 do—

271 696 471 753 nauir:
502 714 645 777 quas
672 692 955 753 distinstas
989 692 1114 752 solis
1128 714 1196 753 ac
1220 694 1373 755 lunae
1403 695 1472 755 fi-

272 771 593 854 der-umque
618 771 799 851 specie
818 816 836 843 ,
853 771 1244 851 exploratorias
1269 774 1468 909 εἰρά-

270 848 423 909 lauit.
481 849 683 913 Rursus
722 846 938 909 obfides
967 846 1244 931 quosdam
1285 872 1318 909 a
1363 852 1470 911 du·-

273 930 397 987 ἂος
426 950 457 988 e
480 927 872 988 literarioludo
892 972 910 999 ,
927 927 1196 1017 clamque
1219 928 1469 1008 praemis-

268 1004 359 1065 sos
387 1050 405 1077 ‚
434 1004 647 1065 deserto
688 1024 915 1085 repente
940 1006 1212 1065 conmuio
1241 1028 1378 1067 cum
1409 1029 1470 1067 e-

272 1084 497 1167 quitatu
528 1084 805 1145 insecutus
833 1128 852 1155 ‚
887 1083 1060 1143 veluti
1102 1082 1380 1168 profugos
1403 1106 1468 1145 ac

264 1160 623 1241 reprehensos
644 1166 708 1221 in
728 1163 937 1221 catenis
959 1161 1176 1222 reduxit
1212 1185 1227 1221 ε
1263 1166 1328 1221 'in
1353 1164 1468 1224 hoc

273 1259 515 1323 quoque
534 1243 726 1300 mimo
752 1259 948 1320 praeter
977 1239 1223 1299 modum
1250 1242 1469 1302 intem-

266 1334 486 1399 perans,
516 1321 773 1399 Repetita
790 1336 960 1379 coena
973 1338 1068 1377 ren
1075 1320 1352 1380 nntian'tes
1365 1334 1468 1381 co-

266 1396 463 1457 astum
490 1416 733 1479 agmen,
752 1395 892 1455 ficut
911 1414 1086 1467 erant,
1109 1396 1374 1458 loricatos
1394 1398 1477 1459 ad'

268 1472 745 1535 distumbendum
776 1471 1100 1549 adhortatus
1115 1474 1209 1537 est.
1228 1478 1466 1541 Monuit

266 1552 439 1612 etiam
469 1552 759 1612 notiffimo
792 1552 1016 1634 Virgilii
1047 1551 1197 1614 versu
1224 1598 1243 1626 ,
1268 1561 1479 1616 Dura:

266 1648 391 1689 rent
405 1673 423 1702 ,
440 1629 801 1714 secundisque
814 1629 868 1690 se
879 1629 1044 1690 rebus
1063 1632 1350 1694 seruarent.
1360 1631 1474 1696 Δις-’5

268 1727 384 1789 que
399 1708 545 1769 inter
558 1708 677 1769 haec
700 1707 984 1768 absentem
999 1707 1253 1769 l'enatum
1313 1731 1464 1794 opu-

264 1785 509 1925 lumjue
539 1785 864 1870 grauiffimo
889 1787 1212 1870 obiurgauit
1236 1807 1270 1848 e
1307 1792 1424 1851 isto
1441 1836 1464 1865 ‚

267 1883 305 1945 q
316 1885 390 1924 uo
464 1865 668 1926 Caefire
680 1867 964 1945 praeliante
978 1909 995 1938 ,
1015 1875 1070 1925 &
1085 1869 1250 1926 tantis
1267 1870 1463 1929 crimi-

262 1943 435 2002 nibus
452 1943 686 2003 obiecto
702 1986 721 2014 ,
746 1943 1144 2023 intempestiua
1159 1947 1458 2018 conuiuia,

271 2021 511 2080 Circum
540 2029 597 2081 &
613 2021 822 2082 theatra
851 2031 904 2082 δι
940 2041 1215 2082 amoenos
1236 2021 1463 2084 seceffixs

266 2097 624 2159 celebrarent.
802 2116 811 2122 ’

340 2181 398 2238 X
416 2181 460 2236 L
483 2181 535 2234 V
556 2181 599 2235 1.
638 2175 964 2251 Postrem03
995 2177 1149 2270 quafi
1216 2197 1462 2259 erpetra-

260 2271 415 2310 turus
438 2251 651 2312 bellum
673 2299 693 2326 ,
724 2255 930 2316 diresta
951 2278 1070 2316 acre
1093 2258 1156 2316 in
1203 2260 1346 2316 itote
1365 2265 1460 2319 O-

260 2329 420 2388 ceani
433 2371 450 2402 ‚
483 2349 549 2386 ac
565 2330 788 2394 ballistis
806 2333 1214 2426 machinisque-
1227 2335 1456 2416 dispoli-

260 2405 361 2478 εἰς,
394 2409 629 2469 nemine
668 2427 848 2492 gnaro
873 2432 945 2474 ac
967 2431 1258 2496 -opmante
1281 2414 1466 2498 φῶ..
