1631 2994
477 149 897 230 CAESA'R.
1056 167 1071 206 ⁸
1196 159 1317 256 '375

114 269 523 338 Tranfitotiam
553 320 572 349 ‚
599 297 741 335 mox
769 273 1041 336 incendio
1064 275 1263 338 abfiim
1283 315 1313 330 ··

116 370 316 436 pram,
345 351 780 436 restituamque
795 398 812 427 ,
832 360 1079 416 Auream
1108 360 1307 418 nomi·

117 433 304 492 nauit.
332 437 426 492 De
441 431 795 512 cuius-spatio
819 451 879 491 at
926 455 997 494 ue
1025 437 1181 496 cultu
1194 433 1310 496 suf-

114 507 314 572 fecerit
339 508 456 568 boc
480 510 718 586 retuliss'e
749 535 766 571 t
806 519 891 573 Ve
942 513 1165 573 'bulum
1192 518 1315 574 eius

114 585 228 649 fuit
257 633 277 662 ,
305 589 368 646 in
403 608 525 670 quo
558 590 798 650 coloffus
828 611 1065 651 centum
1106 593 1161 650 vi
1208 595 1315 653 'nti
1344 629 1353 638 ·

117 669 342 747 pedum
367 664 530 726 staret
555 667 724 748 ipsius
751 667 977 752 effigie:
999 689 1155 730 tanta
1188 673 1313 729 axi-

119 763 202 807 tas
221 765 316 819 ,vt
325 748 578 826 porticus
613 749 857 828 triplices
890 750 1173 808 milliarias
1204 748 1315 807 ha-

20 833 22 838 '
116 823 310 888 beret:
341 824 578 884 itemsta
625 845 772 886 num
800 828 973 886 matis
984 826 1176 901 instar,
1198 829 1315 886 cir-

115 903 488 984 tumseptum
529 924 574 962 ae
619 903 773 964 'ficiis
800 905 875 964 ad
922 905 1153 964 v'xbium
1188 905 1347 986 spe--

117 985 290 1044 ciem.
317 990 478 1045 Rura
499 980 722 1062 infiaper
738 985 886 1060 gruis
907 1003 1083 1068 atque
1110 985 1323 1044 vinetis·

118 1070 173 1122 &
229 1059 443 1131 ascuis,
461 1059 757 1142 siluisque,
777 1065 1081 1123 variacum
1110 1063 1315 1122 multi·-

115 1081 318 1202 tuXine
331 1141 528 1201 omnis
541 1142 758 1228 generis
827 1141 1073 1202 cendum
1089 1159 1155 1200 ac
1166 1139 1309 1199 fera-

115 1239 266 1280 rum.
313 1223 382 1278 In
413 1236 604 1277 ceteris
643 1220 786 1298 parti
830 1239 895 1277 us
930 1221 1133 1279 cunc‘oe
1174 1237 1315 1278 auro
1354 1259 1359 1266 -

113 1298 236 1370 lita,
255 1296 514 1357 distincta
525 1297 778 1378 gemmis
791 1299 1147 1380 vnionumq3
1160 1316 1309 1356 con-

117 1376 238 1438 chis
263 1395 440 1436 erant.
498 1376 873 1435 coenationes
915 1374 1189 1460 laquata:
1222 1393 1313 1434 ta-

20 1463 23 1466 '
115 1456 270 1517 bulis
324 1454 584 1519 eburneis
623 1451 965 1515 versatilibus
998 1500 1017 1527 ,
1042 1473 1103 1515 vt
1148 1454 1317 1515 flores
1348 1491 1353 1501 ·

115 1556 184 1595 ex
221 1532 420 1595 fistulis
447 1578 466 1605 ‚
489 1542 543 1593 &
571 1550 859 1615 vnguenta
885 1532 1115 1615 desuper
1152 1531 1303 1614 spar-

118 1632 406 1697 gerentur.
453 1614 734 1692 Praecipua
776 1614 1183 1674 coenationum
1216 1632 1315 1672 ro·

115 1692 320 1763 tunda,
340 1712 467 1773 quae
496 1710 770 1772 perpetuo
793 1690 991 1754 diebus
1015 1712 1083 1751 ae
1109 1694 1268 1751 noffi
1284 1724 1316 1737 ‹-

117 1770 225 1830 bus
248 1772 374 1829 vice
407 1770 616 1829 mundi
649 1771 1120 1852 circumageretur
1138 1792 1152 1830 ε
1170 1770 1317 1830 bali-
1337 1804 1351 1817 ι

116 1870 240 1910 neae
291 1851 530 1909 marinis
561 1856 616 1909 &
641 1848 845 1907 albulis
866 1850 1105 1907 fluentes
1130 1850 1315 1930 aquis.

117 1926 414 1990 Eiusmodi
444 1928 694 1987 domum
713 1944 853 1985 eum
884 1924 1201 1987 absolutam
1213 1927 1319 1987 de-

113 2008 361 2081 dicaret,
389 2005 662 2065 haaenus
707 2005 1113 2085 compr-obnuit
1132 2050 1151 2075 ,
1178 2024 1239 2065 vt
1264 2003 1321 2067 se
1361 2044 1370 2051 -

117 2087 330 2147 diceret
393 2084 504 2143 nasi
519 2084 825 2142 hominem
840 2083 1074 2142 tandem
1094 2080 1313 2142 habita-
1358 2126 1365 2132 -

117 2186 176 2227 re
206 2106 455 2243 coepiil‘e.
506 2169 766 2223 Praeterea
807 2160 1121 2219 inchoabat
1147 2160 1322 2241 pisci-

118 2266 260 2305 nam
275 2265 308 2302 a
343 2241 565 2304 Miseno
591 2240 664 2299 ad
685 2238 1117 2301 Auernfilacum
1138 2282 1157 2311 ,
1172 2260 1316 2299 con.

121 2328 334 2385 testam
366 2367 384 2392 ,
413 2319 729 2400 porticibus
771 2317 1098 2378 conclusam
1132 2360 1151 2386 ,
1196 2336 1329 2399 quo·

119 2399 412 2485 quidquid
465 2400 598 2459 totis
647 2397 794 2458 Baiis
834 2396 1148 2457 calidarum
1192 2394 1321 2457 effet

119 2496 558 2545 conuerteretur.
589 2475 812 2559 1³on
848 2472 922 2539 ab
964 2481 1195 2541 Auerno
1224 2478 1321 2559 0:
