1631 2994
0 2 1521 68 W

354 240 471 318 354
800 187 1208 295 Nnno'

426 343 480 398 V
501 339 632 397 111.
668 334 1092 417 Septemdecim
1119 352 1281 393 natus
1307 354 1498 395 annos
1517 339 1540 411 ;
1630 340 1631 361 ³

348 414 496 476 vtde
530 414 775 475 Claudio
798 415 986 495 palam
1003 411 1222 473 fastum
1246 411 1360 487 est,
1389 417 1534 475 inter
1630 456 1631 459 η

276 501 287 507 “
348 492 556 552 horam
582 489 792 553 sextam
830 491 1247 575 scptimamque
1273 492 1534 572 proceffit
1630 504 1631 523 ³

348 572 425 630 ad
437 571 782 631 excubitores
796 593 811 629 t
835 591 974 629 curn
987 571 1064 629 ob
1081 573 1258 631 totius
1271 572 1384 630 diei
1395 572 1536 631 diri-
1630 570 1631 641 J

350 668 527 711 tatem
540 671 660 709 non
672 650 824 709 aliud
837 648 1156 728 auspicandi
1165 668 1394 729 ternpus
1426 671 1524 709 ac·
1630 674 1631 729 3

352 727 783 789 commodatius
812 727 1118 787 videretur:
1137 746 1357 810 proque
1372 730 1538 788 Pala-

350 808 415 866 tii
432 805 693 891 gradibus
707 808 1018 887 imperator
1034 806 1407 866 consalutatus
1421 852 1439 879 ‚
1453 808 1537 867 le-

348 886 497 945 stica
526 888 587 943 in
614 883 785 945 castra
812 931 832 959 ,
853 893 908 945 &
933 884 1067 945 inde
1095 887 1299 965 raptim
1331 887 1542 965 appel-
1630 918 1631 931 κ

342 964 473 1023 latis
518 963 791 1023 militibus
818 966 880 1022 in
915 965 1132 1021 cutiam
1161 964 1372 1023 delatus
1412 962 1496 1024 est
1517 988 1536 1025 ε
1630 948 1631 1015 l

348 1040 697 1123 disceffitque
722 1044 840 1100 iam
866 1038 1112 1121 vesperi:
1145 1063 1211 1108 ex
1231 1040 1540 1101 immenfis
1630 1072 1631 1075 ¹

349 1120 557 1201 quibus
596 1121 992 1181 cumulabatur
1033 1119 1345 1179 honoribus
1363 1164 1383 1191 ‚
1401 1139 1540 1179 tan·

345 1215 476 1257 tum
486 1200 653 1279 patris
672 1199 860 1278 patriae
871 1201 1114 1259 nomine
1125 1196 1372 1259 recusato
1386 1216 1540 1279 pro-

347 1293 473 1358 pter
498 1294 741 1338 aetatem.

421 1361 450 1416 1
468 1362 543 1419 X.
576 1356 746 1417 Orsus
760 1354 896 1415 hinc
911 1376 944 1415 a
959 1358 1178 1437 pietatis
1204 1354 1543 1419 ostentatio·

342 1452 420 1493 ne
444 1478 462 1508 ‚
502 1434 807 1495 Claudium
826 1434 1242 1514 apparatissirno
1255 1432 1539 1495 funereo-

342 1513 531 1573 latum
554 1513 807 1573 laudauit
823 1558 842 1584 ‚
869 1511 1343 1596 consecrauitque.
1389 1523 1544 1577 Me·-

340 1593 541 1652 moriae
592 1592 844 1652 Domitii
869 1594 1038 1671 patris
1062 1591 1304 1652 honores
1333 1595 1540 1652 maxi-

336 1690 475 1730 mos
501 1669 721 1732 habuit.
750 1672 922 1734 Matri
934 1668 1227 1730 summam
1247 1672 1545 1733 omnium

338 1747 894 1828 rerumpublicarum
913 1750 1384 1831 priuatarumque
1399 1767 1540 1830 pet-

336 1825 511 1888 mifit.
532 1828 723 1890 Primo
738 1824 911 1887 etiam
931 1828 1159 1908 imperii
1187 1829 1277 1888 die
1291 1826 1548 1910 lignum

336 1905 637 1978 excubanti
654 1905 880 1964 tribuno
895 1905 1310 1986 dedit,OPtima
1318 1926 1380 1972 m
1400 1927 1546 1967 ma·-

336 2003 516 2045 trem:
548 2005 614 2043 ac
643 1983 904 2064 deinceps
923 1983 1168 2045 eiusdem
1193 1984 1330 2064 saepe
1360 1985 1548 2045 lesti-

336 2083 403 2122 ca
420 2081 523 2142 per
534 2062 831 2142 publicum
861 2061 1028 2122 fimul
1066 2065 1256 2122 vestus
1267 2061 1362 2122 est.
1397 2069 1548 2125 An-

335 2137 483 2199 ti‘um
507 2141 798 2201 coloniam
828 2140 1056 2201 deduxit
1059 2185 1088 2214 ᾗ
1105 2139 1390 2220 adscriptis
1425 2161 1549 2204 ve·-

333 2221 540 2278 teranis
557 2239 589 2280 e
617 2221 876 2299 praetorio
897 2264 916 2292 ,
939 2219 1147 2279 additis
1185 2241 1254 2278 ue
1283 2237 1385 2300 per-
1415 2220 1544 2279 do-

330 2297 539 2356 micilii
566 2299 982 2358 transsationem
1015 2299 1116 2356 diti
1180 2300 1290 2356 mis
1323 2301 1550 2378 primi-

328 2375 633 2452 pilarium,
672 2375 765 2433 vbi
796 2387 852 2437 &
879 2395 1111 2456 portum
1137 2379 1322 2458 operis
1349 2375 1536 2437 sum-

326 2449 669 2528 ptuofissimi
694 2450 848 2517 fecit.

406 2533 483 2594 X·
512 2534 706 2610 Atque
738 2575 757 2604 ,
789 2551 851 2592 vt
879 2535 1176 2598 certiorem
1204 2533 1393 2600 adhuc
1425 2536 1540 2595 in-
