1631 2994
313 144 448 229 456
729 136 794 205 A
830 155 883 207 v
916 130 1117 231 r'vjs

315 250 434 315 Sed
457 246 801 333 quibust-lam
815 245 1264 309 acclamantibus
1283 246 1508 329 ,ipsum
1583 244 1584 251 '

177 382 192 394 .
309 328 417 393 effe
433 328 848 401 Concordiam,
865 327 1052 397 rediit:
1072 346 1180 385 nec
1203 322 1402 387 solum
1415 350 1505 390 re-

311 411 490 469 tinere
517 405 572 466 se
593 404 808 471 fertum
820 406 1152 476 affirmauit,
1172 426 1387 465 verum
1420 428 1509 469 et·-

311 491 436 547 iam
456 486 794 547 Concotdiae
811 488 925 545 reci
966 502 1055 543 ere
1068 504 1138 543 co
1180 503 1433 547 nomen.
1583 522 1584 527 κ

375 572 502 629 XV
521 572 566 627 1.
595 562 898 647 Suafitque
949 581 1161 622 enaton
1203 583 1269 621 us
1292 608 1313 635 ,
1328 582 1395 622 vt
1419 565 1509 625 le-

311 664 478 728 garos
495 664 634 703 cum
647 642 961 725 virginibus
976 640 1219 703 vestalib
1226 662 1290 701 us
1302 645 1506 704 mitto-

307 740 435 783 rent
449 766 470 795 ‚
479 740 684 801 pacem
701 766 720 794 ‚
733 740 835 780 aut
846 739 990 780 certe
1003 737 1234 799 tempus
1249 720 1323 780 ad
1360 742 1512 781 con·
1582 738 1584 801 ς

311 799 637 861 sulcandum
649 800 939 880 petituros
976 798 1247 861 Postridie
1266 798 1510 880 respon-

311 878 368 939 sa
379 880 718 960 opperienti,
730 879 1062 937 nuntiatum
1076 873 1165 936 'est
1174 894 1279 955 per
1302 880 1507 959 explo-

311 976 584 1026 ratorem,
599 956 829 1015 hostem
838 957 1317 1092 aqpropinquare.
1340 962 1502 1018 Con-

311 1037 480 1095 tinuo
503 1037 680 1118 igitur
699 1034 889 1094 abstru
912 1055 976 1093 us
1000 1032 1301 1117 gestatoria
1334 1035 1465 1097 sella
1483 1082 1504 1109 ,

313 1114 542 1175 duobus
565 1112 694 1173 solis
713 1112 1023 1173 comitibus
1038 1156 1056 1185 ,
1072 1111 1285 1192 pistore
1315 1122 1379 1175 &
1404 1136 1501 1174 co·

365 1214 463 1266 uo,
482 1194 839 1255 Auentinum
847 1200 923 1264 ,δι
935 1210 1233 1271 paternam
1247 1191 1503 1253 domum

316 1214 468 1331 gam
493 1273 690 1351 petiit,
707 1288 768 1329 vt
782 1268 919 1329 inde
928 1272 991 1327 in
1011 1272 1405 1350 Campaniam
1422 1270 1499 1331 fil-

312 1368 484 1433 geret.
539 1359 686 1414 Mox
709 1350 824 1409 leui
850 1368 1086 1423 rumore
1107 1392 1125 1421 ,
1148 1356 1206 1407 &
1230 1342 1453 1409 incerto
1482 1394 1501 1422 ,

314 1448 624 1512 tamquam
633 1446 756 1508 'pax
766 1429 1067 1508 impetrata
1078 1425 1206 1486 essbt
1218 1470 1237 1499 ‚
1253 1426 1442 1489 referri
1452 1426 1500 1487 se

313 1509 380 1568 in
405 1509 680 1570 Palatium
713 1505 1132 1588 paffusestt.vbi
1148 1525 1289 1568 cum
1321 1509 1507 1568 deser·
1585 1536 1586 1579 ῑ

316 1605 374 1646 ta
388 1587 591 1646 omnia
603 1585 878 1666 reperifl'et
894 1631 912 1658 ,
928 1584 1309 1645 dilabentibus
1321 1588 1504 1646 etiam
1585 1601 1586 1627 ¹

315 1665 424 1747 qui
437 1663 603 1724 fimul
627 1681 784 1724 erant
796 1709 815 1736 ,
836 1683 982 1722 zona
998 1660 1049 1722 se
1066 1683 1375 1724 aureorum
1432 1667 1509 1725 le-

315 1763 394 1806 na
421 1743 795 1803 circumdedit
815 1766 831 1803 :
850 1739 1231 1825 confugitque
1242 1744 1306 1801 in
1324 1763 1359 1801 c
1439 1765 1513 1803 u-

313 1823 435 1882 lam
461 1822 714 1882 ianitoris
729 1867 748 1894 ,
772 1823 1009 1905 religato
1035 1839 1141 1900 pro
1165 1819 1389 1881 foribus
1408 1841 1511 1884 ca-

315 1919 391 1962 ne
407 1899 709 1984 ,lectoque
737 1909 793 1962 &
823 1901 1025 1960 culcita
1045 1899 1300 1963 obiectis.

407 1985 467 2042 X
487 1986 587 2042 v„1
607 1987 652 2042 1.
707 1984 1027 2061 Irruperant
1054 1997 1247 2038 autem
1285 1980 1415 2039 iam
1440 1997 1515 2038 a-
1585 1979 1586 1994 ¹

317 2058 537 2149 gminis
559 2055 921 2119 antecessores
940 2080 955 2118 ε
973 2077 1039 2116 ac
1052 2057 1289 2116 nemine
1316 2057 1517 2118 obuio

317 2135 671 2196 nmabantur
687 2182 706 2210 ,
727 2135 868 2195 vtfit
883 2182 902 2210 ,
927 2134 1159 2217 singula.
1191 2134 1279 2198 Ab
1304 2137 1379 2194 iis
1408 2157 1519 2197 ex-

319 2216 528 2274 tractus
556 2236 589 2275 e
610 2213 1192 2288 latebra,sciscitantes
1228 2211 1517 2295 quisnam

317 2289 447 2350 effer
471 2300 643 2367 (nam
659 2292 1061 2374 ignorabatur)
1088 2300 1141 2352 δι
1156 2291 1251 2350 vbi
1268 2289 1375 2350 effe
1397 2296 1521 2356 Vi...

314 2367 538 2426 renium
550 2367 706 2427 sciret
720 2369 1058 2441 ‚mendacio
1070 2369 1225 2429 elufit
1246 2390 1261 2426 z
1290 2369 1517 2434 deinde
1584 2411 1586 2420 ·

310 2443 537 2521 agnitus
545 2461 885 2527 rogare'non
900 2443 1133 2521 destitit,
1148 2445 1307 2530 quafi
1333 2467 1372 2529 q
1356 2469 1515 2586 d122¹:-

1436 2548 1513 2589 m
