1631 2994
276 150 417 217 344
656 122 1193 195 CzAvnxvs

280 243 441 303 Prius
450 240 627 322 igitur
650 259 835 324 quam
852 240 993 300 vltra
1014 236 1470 327 progrederetur,‘

276 318 686 401 praeuentusest
699 319 771 378 ab
791 318 1311 402 Agrippina,quarn
1327 336 1458 400 prae-

276 416 363 457 ter
375 397 500 457 haec
514 442 533 470 ,
546 396 888 459 constientia
911 416 1154 478 quoque
1169 440 1190 469 ‚
1211 417 1322 457 nec
1349 398 1462 458 rni-

272 496 387 537 nus
412 470 683 537 delatores
702 478 1030 537 multorum
1049 475 1368 535 criminum
1381 496 1470 536 ar-

276 554 553 637 guebant.
594 562 661 617 Et
694 574 920 615 veneno
949 552 1190 635 quidem
1217 554 1472 614 occisum

283 636 559 693 conuenit
580 660 594 694 z
614 634 707 693 vbi
721 652 914 694 autern
933 640 985 692 &
1000 650 1100 712 per
1117 652 1297 715 quem
1313 633 1469 707 dato,

284 711 567 793 discrepat.
594 712 857 795 Qdam
872 710 1098 773 tradunt
1113 755 1132 783 ,
1145 730 1214 791 ep
1221 712 1475 771 ulantiin

280 810 410 851 arce
445 812 583 851 cum
612 790 987 853 sacerdotibus
1016 834 1035 863 ,
1061 808 1161 870 per
1187 792 1474 851 Halotum

283 867 323 926 s
348 870 597 931 adonem
611 868 1074 953 praegustarorem
1091 870 1214 929 :alii
1231 915 1250 942 ,
1265 870 1476 931 dorne·

286 889 431 1007 ὦσα
450 952 847 1029 conuiuio,per
873 947 1050 1038 ipsam
1069 950 1478 1031 Agrippinam,

290 1045 421 1107 quae
451 1028 711 1088 boletum
754 1026 1108 1087 medicatum
1152 1026 1479 1086 auidissirno

289 1104 553 1165 ciborum
584 1106 787 1166 talium
815 1104 1115 1166 obtulerat.
1167 1106 1368 1165 Etiam·
1407 1106 1480 1166 de
1577 1075 1591 1116 Ἰ

284 1182 749 1275 subseq-uentibus
764 1182 982 1257 diuersi,
999 1180 1155 1245 fama
1180 1181 1282 1245 est.
1321 1184 1484 1246 Mul-

290 1266 338 1320 ti
374 1260 561 1322 statim
602 1262 807 1323 hausto
867 1282 1089 1323 veneno
1131 1261 1482 1323 obmutuiss'e
1589 1258 1591 1319 ἰ

278 1342 476 1414 aiunt,
491 1344 991 1426 excruciatumque
1003 1340 1294 1401 doloribus
1311 1344 1486 1402 noste

293 1438 415 1477 tora
432 1466 449 1490 ,
470 1417 721 1481 defecill'e
738 1440 914 1503 prope
938 1421 1147 1481 lucem.
1192 1420 1486 1483 Nonnulli

295 1500 441 1558 inter
474 1501 632 1560 initia
658 1499 831 1561 conso
874 1503 1028 1561 itum
1054 1544 1071 1572 ,
1104 1499 1308 1560 deinde
1347 1500 1482 1560 cibo

294 1577 565 1639 affluente
582 1583 822 1640 euomui
863 1580 1130 1650 comnia,
1146 1579 1487 1658 repetitum-

298 1677 416 1739 que
440 1659 663 1730 toxico‚
691 1659 974 1718 incertum
1003 1656 1225 1736 pultine
1253 1655 1490 1734 addito,

296 1757 436 1796 cum
452 1736 604 1814 velut
618 1735 951 1798 exhaustum
965 1734 1117 1796 refici
1144 1735 1277 1794 cibo
1308 1755 1491 1818 opor-

298 1833 437 1875 teret
470 1858 488 1886 ,
516 1836 589 1873 an
624 1813 878 1884 immiss'o
920 1833 1019 1894 per
1049 1812 1339 1894 clysterem
1379 1839 1392 1876 :
1429 1834 1494 1873 vr

306 1893 463 1976 quafi
490 1893 844 1954 abundantia
879 1893 1160 1954 laboranti
1183 1895 1360 1953 etiam
1373 1892 1492 1953 hoc

298 1991 504 2054 genere
544 1971 846 2056 egestionis
889 1970 1288 2034 subueniretur.

377 2057 496 2112 XL
513 2057 585 2112 V.
618 2060 785 2116 Mors
806 2052 926 2111 eius
957 2051 1131 2110 celata
1156 2048 1235 2110 est
1255 2093 1274 2122 ,
1304 2050 1495 2111 donec
1591 2045 1593 2050 ¹

304 2129 451 2188 circa
474 2127 837 2190 succeflorem
852 2130 1054 2188 omnia
1080 2128 1489 2190 ordinarentur.

305 2213 509 2288 Itaque
540 2217 594 2268 &
626 2207 783 2290 quali
808 2227 915 2288 pro
946 2227 1098 2297 aegro
1130 2207 1318 2267 adhuc
1360 2227 1498 2268 vota

300 2282 552 2363 suscepta
566 2285 692 2345 sunt
709 2331 727 2357 ,
743 2285 1031 2352 &induCti
1045 2303 1144 2366 per
1173 2283 1494 2346 fimulatio-

303 2381 455 2418 nem·
475 2364 735 2423 comoedi
751 2409 770 2436 ,
782 2366 886 2446 qui
907 2365 1061 2424 velut
1075 2362 1512 2426 defiderantent-

302 2437 668 2505 oblectarent.
709 2440 938 2504 Exceffit
962 2443 1128 2504 tertio
1160 2441 1295 2506 Idus
1309 2446 1500 2507 Octo«
