1631 2994
370 62 397 75 Q

340 164 459 251 378
825 157 1148 228 anto

338 274 579 333 deorum
622 272 826 333 cibum
876 320 893 344 ‚
938 269 1175 353 posthac
1218 267 1522 347 prouerbio

344 359 539 414 Graeco
556 352 869 411 collaudare
881 350 944 409 fit
958 349 1162 409 solitus,
1199 353 1368 409 Certe
1385 368 1518 406 om-

336 430 506 489 nibus
535 450 727 490 retum
760 431 1184 509 verborumque
1213 446 1520 485 contume-

334 510 425 569 liis
440 528 739 568 mortuum
752 509 1045 568 insectatus
1064 504 1162 578 est,
1178 506 1365 563 modo
1389 503 1524 563 stul-

338 588 511 659 titiae,
530 587 711 647 modo
743 586 964 645 saeuitiae
989 604 1248 666 arguens.
1285 589 1520 645 Nam&

337 667 551 725 morati
568 686 701 725 eum
718 668 864 725 inter
879 663 1146 722 homines
1158 660 1523 741 defiiffe,pro-

334 744 509 803 ducta
520 747 705 824 pn'ma
730 742 930 823 syllaba
963 740 1252 801 iocabatur
1268 765 1283 799 .·
1302 742 1518 799 muln-

340 842 456 913 que
473 822 690 882 decren
714 832 768 882 ει
796 818 1132 890 constituta,
1169 840 1232 879 vt
1255 817 1524 898 infipien-

338 918 410 959 ns
426 918 601 983 atque
624 901 780 960 deliri
797 945 815 972 ‚
843 918 947 979 pto
961 899 1125 956 irritis
1154 896 1366 958 habuit.
1405 903 1525 957 De·

336 980 399 1037 ni
448 1000 518 1038 ue
531 978 764 1039 bustum
803 980 922 1037 eius
945 974 1254 1055 constpiri,
1283 974 1388 1033 nifi
1413 974 1520 1035 hu—

336 998 463 1115 miii
478 1058 707 1141 leuique
723 1058 954 1116 materia
968 1100 988 1127 ,
1001 1056 1263 1136 neglexit.
1298 1055 1521 1114 Britan-

336 1137 537 1195 nicum
559 1156 713 1209 ,non
727 1136 924 1195 minus
951 1134 1317 1192 aemulatione
1343 1134 1518 1203 vociS,

338 1234 467 1295 quae
495 1216 581 1274 illi
616 1214 920 1274 iucundior
944 1211 1307 1295 suppetebat,
1341 1230 1518 1303 quam

338 1306 503 1352 metu
524 1314 599 1352 ne
642 1292 998 1375 quandoque
1021 1289 1172 1368 apud
1204 1288 1517 1349 hommum

338 1372 579 1453 gratiam
606 1388 836 1455 paterna
855 1370 1136 1430 memoria
1155 1368 1519 1504 Xraeualeret,

338 1466 561 1508 veneno
585 1446 864 1532 aggressus
893 1446 986 1508 est.
1009 1446 1150 1524 Qo
1218 1464 1518 1526 acceptum
1559 1486 1567 1500 .

334 1528 639 1609 ²·quadam
656 1526 1347 1600 Locust2‚venenatiorum
1368 1525 1519 1583 indi-

338 1625 405 1666 ce
420 1649 437 1676 ,
466 1627 604 1666 cum
620 1607 894 1686 opinione
921 1605 1128 1664 tardius
1146 1605 1515 1674 cederet,ven-

340 1702 423 1745 tre
450 1684 633 1744 modo
657 1684 960 1744 Britannici
976 1702 1144 1742 moto
1161 1726 1178 1753 ,
1203 1680 1544 1742 accetfitam·

337 1765 642 1826 mulierem
672 1762 765 1822 sua
813 1773 993 1820 manu
1023 1760 1332 1820 verberauit
1358 1802 1378 1830 ,
1431 1781 1520 1819 at-

339 1861 521 1924 guens
557 1863 661 1924 pro
688 1859 910 1900 veneno
943 1839 1258 1900 temedium
1301 1838 1520 1901 dediffe.‘

340 1920 751 2004 Excusantique
780 1917 976 1976 mistus
1004 1919 1202 1976 datum
1227 1916 1299 1975 ad
1325 1918 1520 1977 occul-

338 1999 576 2059 tandam
592 1998 858 2059 facinoris
879 1995 1158 2056 inuidiam
1181 2019 1195 2055 =
1235 2000 1384 2057 Sane
1401 1998 1524 2068 ,in-

336 2078 705 2213 puitstegem
738 2075 945 2138 Iuliam
961 2077 1180 2134 timeo:
1219 2094 1320 2132 coe
1363 2074 1525 2158 itque

360 2175 393 2213 e
420 2175 615 2214 coram
639 2157 703 2214 in
723 2153 988 2215 cubiculo
1003 2197 1023 2226 ,
1041 2171 1222 2234 quam
1238 2169 1315 2232 po
1359 2173 1415 2210 et
1429 2174 1526 2213 ve-

337 2231 687 2293 lociffimum
720 2255 787 2292 ac
829 2230 1270 2312 praesentaneum
1302 2250 1523 2313 coque-

338 2325 417 2370 te.
450 2310 671 2370 Deinde
694 2313 755 2368 in
793 2311 978 2370 hoedo
1001 2327 1254 2389 expertus
1289 2351 1308 2380 ,
1338 2309 1470 2388 post
1496 2347 1523 2360 -

338 2404 521 2464 quam
551 2388 597 2446 is
622 2389 889 2468 quinque
911 2386 1080 2448 horas
1101 2389 1364 2468 protraxit
1381 2413 1396 2447 :
1413 2390 1526 2448 ite·

336 2481 467 2524 tum
482 2482 549 2524 ac
566 2463 759 2544 sepius
768 2467 1064 2527 tecoaum
1085 2509 1105 2540 ,
1135 2465 1384 2547 porcello
1413 2467 1524 2528 ob-
