1631 2994
413 103 963 176 Avevsrvsa
1146 127 1285 194 499

97 217 622 303 lan08‚ducemque
639 221 882 280 alterum
901 241 968 282 ex
980 220 1299 304 Vespasiani

95 298 290 358 liberis
304 298 341 356 d
376 313 380 316 ·
414 298 724 378 oposciffet,
739 301 907 358 omni
927 305 1040 382 ope
1055 322 1303 362 conten-

97 376 222 448 dit,
235 378 329 434 vti
395 396 426 436 e
453 377 810 465 potiffimum
860 379 1195 443 mitteretur.
1230 385 1301 443 Et

101 454 316 537 quiadi
340 455 488 514 cussa
512 477 598 516 res
623 456 705 516 est
723 501 742 529 ,
775 457 917 516 alios
940 458 1171 520 orientis
1198 479 1293 520 re-

145 553 224 606 es,
241 550 305 592 vt
327 533 484 594 idem
503 533 853 615 postularent
868 580 887 608 ,
904 535 1070 595 donis
1089 532 1303 617 ac'pol·

96 555 508 673 §citationibus
531 611 809 673 felicitare
840 615 1101 676 tentauit.
1135 621 1293 677 Patre

99 688 376 761 defunsto
391 691 490 749 diu
509 693 827 762 cundiam&
839 711 913 749 an
932 691 1174 773 duplum
1194 693 1304 752 do-

98 769 573 830 natiuum·militi
608 769 870 842 donaret,
897 789 1205 851 nunquam
1217 771 1298 830 ia-

100 851 254 926 ‹stare
269 847 550 907 dubitauit
566 895 584 920 ,
597 848 862 908 relietum
880 845 935 906 se
966 849 1304 929 participem

97 928 334 1006 imperii
349 973 368 1000 ‚
389 925 478 985 {ed
491 924 751 986 fraudem
779 925 1122 988 testamento
1138 925 1306 986 adhi-

101 1007 313 1066 bitam.
355 1011 569 1097 Neque
619 1005 859 1071 ceffauit·
882 1025 949 1064 ex
983 1024 1052 1064 eo
1082 1003 1309 1064 infidias

101 1083 314 1144 struere
341 1082 492 1144 fratri
511 1083 664 1143 clam
684 1129 701 1156 ,
728 1085 1081 1166 palamque:
1101 1081 1301 1166 quoad

101 1180 432 1243 correptum
451 1163 611 1246 graui
626 1162 949 1222 valetudine
960 1163 1305 1245 priusquam

148 1242 278 1300 lane
295 1240 499 1301 efflaret
527 1241 811 1316 animam,
826 1258 935 1320 pro
954 1239 1188 1306 m'ortuo
1202 1240 1303 1302 de.-

99 1259 208 1381 ἵει-ι
229 1317 411 1377 iuffit:
454 1316 915 1401 defumstumqu'e
947 1319 1111 1378 nullo
1128 1365 1147 1392 ,
1168 1338 1313 1400 prae-

105 1416 375 1479 terquam
399 1393 833 1476 consecrationis
865 1395 1087 1457 honore
1102 1399 1313 1482 digna-

105 1495 202 1539 tus
223 1523 240 1551 ,
260 1476 400 1558 saepe
412 1477 586 1537 etiam
603 1473 798 1559 catpfit
809 1475 1063 1560 obliquis
1088 1481 1311 1539 oratio-

104 1558 280 1620 nibus
300 1602 318 1627 ,
339 1565 394 1616 δε
409 1556 629 1618 edistis.
994 1608 1003 1619 ⁴

187 1643 219 1698 1
239 1642 266 1696 1
286 1641 332 1698 1.
369 1642 522 1697 Inter
553 1636 715 1697 initia
741 1634 1093 1717 principatus
1116 1681 1133 1710 ,
1157 1657 1313 1720 quo-

107 1715 248 1777 tidie
259 1714 533 1776 secretum
551 1714 654 1775 fibi
666 1715 958 1775 horarium
979 1714 1199 1775 sumere
1210 1714 1303 1775 so-

105 1795 422 1859 lebarzinec
435 1790 760 1880 quidquam
805 1793 1059 1875 amplius
1078 1840 1097 1868 ‚
1129 1810 1325 1877 quam·

107 1872 332 1935 mustas
356 1892 599 1955 capmre,
615 1894 682 1935 ac
703 1873 849 1954 stylo
861 1892 1148 1955 praeacuto
1172 1894 1310 1934 con-

109 1949 287 2033 figere
306 1969 400 2022 ‚vt
430 1952 658 2016 cuidam
687 1954 1061 2035 interroganti
1094 1997 1115 2027 ‚
1152 1951 1313 2011 effet-

106 2030 347 2111 nequis
363 2032 517 2089 intus
531 2050 668 2089 curn
695 2029 925 2105 Caesare,
944 2030 1066 2091 no'n
1086 2028 1319 2091 absurde

107 2107 440 2191 responsum
461 2106 570 2167 fita
595 2107 768 2168 Vibio
791 2106 989 2190 Crispo
1005 2154 1024 2181 ,
1046 2114 1315 2173 Nemu-

105 2188 202 2251 [α
215 2188 476 2280 quidem.
513 2184 738 2249 Deinde
753 2206 988 2247 vxorem
1005 2185 1163 2246 suam
1182 2193 1320 2251 Do-

110 2268 344 2331 mitiam
370 2313 388 2341 ‚
405 2288 470 2328 ex
543 2288 613 2326 ua
629 2268 694 2326 in
708 2263 953 2326 secundo
981 2262 1081 2323 suo
1110 2266 1319 2326 consu-

111 2348 240 2409 latu
255 2342 439 2409 filiuni
460 2366 481 2405 t
545 2342 978 2429 era]t‚alter‹'›que
991 2362 1151 2405 anno
1175 2363 1319 2405 con·

109 2425 448 2490 mumma
467 2444 532 2487 vt
547 2422 895 2508 Augustam,
912 2421 1189 2487 eamdem·
1212 2428 1319 2503 Pae
1370 2434 1377 2441 ’
