1631 2994
695 1 700 4 .
737 0 772 7 vv

454 183 549 258 ,Ο
581 201 629 253 'r
664 205 715 254 Η
756 181 838 254 οξ
899 195 909 202 ’
1152 143 1320 277 '433‘

6 312 11 373 ’ξ
95 295 235 366 dasse
250 348 269 378 ,
282 300 323 362 fi
337 315 693 396 quaeteretm.·
718 311 890 366 Tunc
903 302 1130 366 abditus
1134 323 1276 388 pro·-

94 382 499 468 peremuliebti
524 381 726 442 sellain
756 380 926 442 castra
955 387 1275 460 contendit,

71 485 155 524 ·ac
176 459 882 535 deficientibuslefficariis,
902 483 1036 523 cum
1055 462 1274 524 descen-

96 540 247 602 disset
258 586 277 615 ,
293 539 639 623 cursumque
672 539 894 620 cepiffet
906 585 925 614 ,
939 541 1125 600 laxato
1153 545 1272 604 cal-

96 641 196 680 ceo
208 618 403 680 restitit
414 664 433 692 ,
450 619 636 679 donec
648 617 850 678 omiffa
864 640 1028 680 mora
1044 621 1268 684 succol-

91 698 230 759 latus
248 744 265 771 ,
280 707 335 759 δι
349 719 382 756 a
396 695 659 780 ptaesente
672 702 952 758 comitatu
961 701 1274 780 impet-atet

90 776 466 836 consalutatus
484 821 504 850 ‚
519 778 666 838 inter
676 775 878 836 faustas
891 778 1266 872 aeglamatio-

86 876 187 917 nes
203 854 531 948 strietosque
544 857 763 938 gladios
774 855 847 913 ad
856 857 1130 936 principia
1163 857 1266 918 de-

89 937 244 996 uenit
268 959 283 996 2
315 935 495 995 obuio
526 955 769 1018 quoque
794 953 918 992 non
947 934 1104 1014 aliter
1129 956 1196 996 ac
1225 935 1267 996 fi

86 1012 338 1074 conscius
366 1022 419 1073 δι
450 1014 731 1093 particeps
756 1011 901 1072 foret
931 1011 1261 1075 adhaerente.

48 1097 65 1114 ⁹
88 1093 178 1154 Ibi
204 1091 378 1152 miffis
397 1092 502 1173 qui
520 1091 769 1152 Galbam
798 1101 854 1153 &
871 1090 1131 1153 Pisonem
1150 1112 1262 1154 tru-

82 1171 329 1232 cidarent
350 1170 453 1243 ‚ad
482 1170 872 1230 conciliandos
897 1171 1268 1259 pollicitatio-

80 1250 251 1310 nibus
268 1250 526 1310 militum
538 1249 769 1308 animos
788 1247 932 1306 nilul
941 1269 1042 1308 ma
1084 1252 1130 1308 is
1154 1255 1264 1331 pri>

81 1330 365 1388 concione
378 1327 605 1388 testatus
620 1325 701 1384 est
718 1371 737 1398 ,
754 1345 935 1417 quam
948 1327 1004 1386 id
1059 1349 1152 1387 em
1159 1349 1263 1389 um

76 1408 135 1465 ίὲ
150 1405 475 1466 habiturum
539 1404 656 1466 uod
671 1403 862 1463 fibiilli
873 1403 1186 1487 teliquiss'en
1193 1428 1235 1468 t.

152 1491 206 1549 V
226 1489 315 1546 11.
346 1486 496 1547 Dein
538 1507 570 1545 e
595 1504 689 1544 vet
732 1502 861 1544 ente
889 1483 1010 1543 iam
1050 1485 1139 1547 die
1163 1489 1260 1545 in-

77 1562 289 1649 greffus
298 1563 553 1623 senatum
572 1610 589 1637 ,
644 1584 681 1621 0
726 1582 781 1621 ta
829 1584 900 1623 ue
913 1562 1072 1625 breui
1084 1568 1263 1625 ratio·-

72 1664 153 1703 ne
178 1689 197 1716 .‚
214 1641 370 1725 quasi
385 1661 575 1722 taptus
624 1663 657 1701 e
680 1642 798 1723 pub
823 1644 1008 1714 ico,&
1023 1642 1262 1724 suscipe·-

70 1742 133 1781 re
168 1721 482 1801 imperium
506 1722 563 1779 vi
586 1723 817 1781 coastus
849 1765 868 1793 ‚
896 1718 1262 1805 gesturusque

70 1800 391 1861 communi
403 1800 675 1857 omnium
689 1799 918 1858 arbitrio
935 1844 954 1872 ,
975 1800 1257 1861 Palatium

69 1880 236 1959 petit.
280 1883 364 1937 Ac
406 1874 565 1958 super
607 1898 813 1939 ceteras
845 1879 1258 1959 gratulantium

62 1956 555 2037 adulantiumque
579 1954 876 2016 blanditias
909 2001 927 2029 ‚
951 1956 1021 2016 ab
1049 1954 1256 2018 infima

57 2034 241 2119 plebe
272 2034 582 2115 appellatus
606 2040 765 2096 Nero
788 2078 807 2108 ,
837 2034 1068 2095 nullum
1091 2034 1248 2097 indi-

59 2118 231 2177 cium
252 2109 555 2173 recusantis
570 2112 724 2175 dedit
745 2138 758 2174 ε
774 2116 922 2186 ime,
934 2133 996 2173 vt
1009 2116 1255 2197 quidam·

56 2192 419 2257 tradiderunt
443 2237 462 2265 ,
494 2192 665 2253 etiam
703 2193 760 2250 di
800 2192 1111 2251 lomatibus
1134 2197 1255 2273 pri*

52 2271 296 2363 misque
311 2270 561 2352 epistblis
582 2269 691 2329 suis
719 2291 751 2328 a
808 2269 1087 2352 quosdam
1119 2291 1256 2351 pro.-

52 2355 394 2413 uinciatum
422 2348 671 2431 ptaefides
698 2391 719 2419 ‚
749 2350 999 2411 Netonis
1023 2368 1253 2430 cogno-

44 2452 201 2493 men
217 2430 448 2491 adiecit.
484 2432 648 2491 Certe
660 2433 713 2489 8<
729 2428 1012 2509 imagines
1026 2426 1254 2487 statuas·-

48 2530 178 2595 que
190 2512 318 2573 eius
350 2506 553 2589 reponi
582 2495 763 2585 pass‘iis
778 2503 890 2567 est:
910 2512 966 2567 δε
984 2522 1254 2647 pfsscutaog
