1631 2994
451 181 891 252 CAEsAR.
1152 203 1275 272 379

106 297 266 360 iecit.
297 297 443 386 Qo
473 294 661 354 statim
710 299 1035 358 exanimato
1061 345 1079 374 ,
1110 299 1304 360 inferri

107 379 177 436 in
196 377 510 435 triclinium
527 375 794 457 ,darique
824 381 1079 437 coenanti
1108 379 1300 439 (ecum

109 455 448 517 Britannico
465 455 781 533 imperauit.
848 461 916 516 Et
938 477 1073 516 cum
1102 458 1198 517 ille
1227 457 1301 516 ad

108 537 376 614 primum
394 531 626 614 gustum
652 531 979 594 concidisset
992 581 1011 610 ,
1027 536 1305 595 comitiali

109 613 332 674 morbo
357 631 424 668 ex
445 609 849 670 consuetudine
884 633 1207 694 correptum
1238 635 1299 672 a-

113 689 238 772 pud
267 691 544 749 conuiuas
575 691 881 750 ementitus
911 734 930 763 ,
960 691 1183 771 postero
1211 692 1307 752 die

22 819 24 832 .
111 771 328 850 ruptim
357 770 500 828 inter
525 769 812 826 maximos
835 770 1047 830 imbres
1070 771 1299 830 transsa-

113 850 246 906 titio
276 847 471 906 extulit
499 845 706 926 funere.
739 847 988 908 Locustae
1002 867 1105 928 pro
1122 869 1297 907 naua-

114 944 173 984 m
193 945 367 1006 opera
379 953 398 996 ·,
410 927 817 1004 impunitatem
832 927 1154 1011 praediaque
1173 929 1329 988 arn-²

115 1003 214 1085 pla
229 1049 248 1076 ,
264 1002 352 1062 {ed
373 1012 425 1062 δε
442 999 744 1082 discipulos
759 1005 929 1067 dedit.

151 1126 156 1132 -
188 1089 246 1145 X
261 1087 318 1145 X
335 1089 392 1146 X
413 1087 439 1142 1
463 1089 532 1142 V.
569 1089 811 1142 Matrem
834 1083 1012 1156 ,dista
1042 1081 1309 1166 fad-'taque

115 1158 212 1224 sua
227 1181 294 1220 ex
341 1162 620 1220 uirentem
645 1161 894 1220 acerbius
926 1173 981 1222 &
1015 1163 1313 1244 corrigen-'

118 1258 242 1298 tem
277 1283 294 1310 ,
363 1240 592 1297 astenus
615 1240 808 1317 primo
856 1241 1208 1321 grauabatur,
1242 1259 1317 1300 vt·

116 1317 338 1378 inuidia
353 1316 690 1376 idemtidem
725 1337 979 1378 oneraret
991 1363 1009 1391 ‚
1026 1316 1181 1402 quasi
1192 1316 1315 1376 ces-’

119 1391 276 1458 surus
295 1397 540 1474 imperio
557 1440 574 1468 ‚
605 1393 1001 1479 Rhodumque
1023 1397 1310 1456 abiturus:-

121 1494 268 1537 m-ox
285 1484 339 1535 &
351 1473 572 1534 honore
585 1475 754 1534 omni
773 1482 827 1533 δε
840 1473 1115 1555 potestate
1124 1477 1311 1555 priua->-
1328 1499 1335 1503 ·

123 1556 206 1625 uir
225 1553 499 1613 :abdusta
545 1574 616 1613 ue
640 1554 895 1613 rnilitum
919 1564 971 1615 &
996 1562 1311 1617 Germano-

121 1652 256 1693 rum
273 1631 480 1691 station
531 1633 938 1704 ,contubernio
961 1654 1201 1718 quoque
1240 1652 1313 1693 ae

125 1712 340 1772 Palatio
371 1712 598 1791 expulit.
643 1718 857 1793 Neque
890 1714 951 1773 in·
998 1713 1309 1771 diuexanda

125 1790 450 1872 quidquam
480 1790 633 1869 pensi
673 1788 873 1849 habuit
908 1788 1229 1850 rsubmissis
1252 1798 1319 1851 δε·

130 1888 236 1949 qm
254 1876 460 1931 Romae
473 1885 827 1943 morantem,
840 1868 1033 1927 litibus
1047 1914 1064 1941 ‚
1082 1877 1135 1928 δι
1150 1869 1212 1926 in
1226 1866 1310 1928 st·-
1395 1910 1407 1919 -

127 1942 274 2005 cessu
289 1945 666 2029 quiescentem
684 1990 701 2017 ‚
736 1962 839 2025 per
849 1948 1103 2007 conuiria
1128 1956 1178 2007 &
1217 1948 1311 2005 io-

125 2026 228 2085 co's
245 2069 265 2099 ,
295 2045 438 2085 terra
452 2026 716 2107 marique
724 2024 1187 2104 praeteruehentes
1212 2026 1309 2083 in-

125 2106 463 2187 quietarent.
497 2111 713 2164 Verum
747 2104 923 2161 minis
946 2106 1063 2163 eius
1088 2124 1153 2162 ac
1181 2104 1309 2163 vio-

125 2182 300 2245 lentia
319 2184 539 2242 territus
567 2180 793 2262 perdere
818 2180 1022 2243 statuit.
1072 2187 1141 2241 Et
1174 2200 1317 2241 cum·

127 2280 354 2323 veneno
385 2278 472 2345 teg
489 2258 742 2321 tentaffet
757 2304 774 2331 ,
800 2259 1137 2341 sentiretque
1161 2262 1316 2319 anti-

127 2340 278 2402 dotis
289 2340 692 2419 praemunitam
715 2338 1048 2411 damnaria,
1066 2358 1193 2419 quae
1210 2340 1317 2396 nol

128 2420 228 2479 &u
243 2416 404 2497 super
428 2417 810 2477 dormientem
834 2416 1014 2475 laxam
1046 2414 1319 2475 machina·

129 2496 484 2570 deciderent,
524 2498 764 2580 parauit.
795 2500 935 2559 Hoc
956 2490 1191 2557 consilio
1213 2510 1317 2575 per
