1631 2994
280 134 409 205 286
631 128 1052 201 'CAtvs

280 252 501 313 cederet
518 286 535 325 ,·
551 248 854 310 confilium
882 250 1016 309 iniit
1039 245 1298 309 nefandae
1309 268 1478 310 atro,

284 331 503 400 cintis,
534 330 589 389 le
632 330 826 401 ‘ones‚
847 348 986 410 quae
1027 326 1158 409 post
1188 328 1484 389 excelsum

286 406 531 493 Augusti
580 407 896 469 editionem
942 409 1085 466 olim
1123 426 1440 467 mouerant
1455 452 1476 481 ‚

288 485 723 549 contrucidandi
756 508 772 546 ε
804 486 1034 569 quod&
1045 504 1262 567 patrem
1294 486 1482 547 suum

292 566 711 629 Germanicum
738 563 949 623 ducem
982 610 1001 639 ,
1030 572 1085 625 &
1111 563 1162 624 se
1184 560 1486 627 infantem

290 662 433 704 tunc
447 640 792 705 obsediffent,
825 644 1051 727 Vixque
1079 664 1114 703 a
1140 661 1254 702 tam
1267 647 1487 721 proeci-

332 723 397 781 iti
410 721 759 805 cogitatione
768 718 1486 795 reuocams,inhiberi'nu1-

290 740 352 861 fo
382 801 570 881 potuit
610 800 793 863 modo
842 802 989 883 quin
1033 801 1304 861 decimare
1331 802 1491 862 velle

292 878 675 961 petseueraret.
684 884 928 940 vocans
939 881 1136 962 itaque
1149 877 1220 937 ad
1235 896 1344 937 con
1351 881 1488 938 cio-

295 979 434 1017 nem
448 959 723 1029 inermes‚
761 975 937 1040 atque
965 960 1140 1019 etiam
1158 954 1359 1040 gladiis
1381 957 1490 1018 de-

296 1035 489 1119 positis
502 1081 522 1108 ,
538 1037 798 1119 equitatu
821 1054 1040 1096 armato
1060 1082 1078 1108 ,
1097 1030 1480 1098 citcumstdit.

302 1114 418 1178 Sed
445 1112 853 1186 cum.videret,
884 1112 1128 1195 suspesta
1146 1119 1234 1187 r'e,
1264 1111 1495 1191 pleros-

302 1211 419 1277 que
434 1190 607 1253 dilabi
619 1191 689 1251 ad
702 1190 1057 1268 resumenda,
1071 1192 1114 1253 fi
1129 1213 1242 1275 qua
1255 1192 1336 1249 vis
1371 1192 1487 1254 fie-

300 1290 385 1331 ret
401 1315 421 1344 ,
452 1290 615 1337 arma
634 1315 651 1340 ,
706 1266 920 1353 rofugit
947 1273 1225 1332 co'ncione
1243 1294 1258 1331 ε
1279 1270 1492 1333 confe-

302 1348 559 1441 stimque
589 1354 667 1411 Vr
706 1368 802 1408 em
837 1352 1003 1429 petiit
1032 1397 1051 1426 ,
1079 1351 1280 1411 deflexa
1305 1352 1496 1409 omni

300 1428 603 1489 acerbitate
614 1428 676 1485 in
694 1424 974 1504 scnatum,
991 1432 1084 1491 cui
1094 1429 1166 1490 ad
1186 1428 1496 1490 vertendos

300 1525 597 1567 mutorum
626 1505 973 1566 dedecorum
995 1519 1248 1569 rumores
1285 1507 1499 1586 palam

305 1585 632 1646 minabatur
647 1607 661 1643 :
681 1603 922 1665 querens
937 1588 1082 1649 inter
1111 1605 1286 1648 cetera
1297 1628 1315 1654 ‚
1326 1581 1500 1648 frau-

307 1663 508 1724 datum
521 1659 574 1723 se
588 1658 737 1721 iusto
746 1665 1208 1747 tiiumpho,cum
1222 1666 1240 1723 i
1284 1657 1502 1744 {espau-

306 1743 369 1802 lo
382 1761 513 1802 ante
526 1785 545 1814 ,
560 1761 635 1800 ne
648 1741 789 1824 quid
807 1741 878 1800 de
894 1741 1208 1804 honoribus
1243 1743 1326 1802 uis
1345 1763 1500 1828 age-

305 1839 485 1894 retux,
512 1821 682 1881 etiam
699 1817 797 1879 sub
831 1823 1033 1884 mortis
1057 1841 1236 1904 poena
1263 1821 1500 1884 denun-

312 1897 504 1962 tiaffet.
770 1953 776 1960 .

380 1983 538 2042 XLI
553 1983 627 2041 X.
656 1975 857 2039 Aditus
875 1999 1012 2074 ergo
1037 1982 1098 2039 in
1122 1981 1317 2042 itinere
1341 2001 1382 2040 a
1408 1981 1501 2044 le-

210 2128 222 2139 ·
314 2058 461 2137 gatis
480 2055 661 2134 ampli
671 2053 814 2117 ffimi
825 2060 1045 2120 ‘ordinis
1063 2077 1158 2132 ,vt
1185 2077 1501 2123 maturaret

314 2132 603 2194 orantibus
620 2176 638 2204 ,
665 2141 1104 2216 quammaxima
1131 2157 1276 2199 voce
1314 2182 1332 2211 ‚
1376 2147 1499 2201 Ve-

315 2213 474 2272 niam
489 2255 507 2282 ‚
521 2211 713 2293 inquit
730 2255 747 2284 ,
765 2219 994 2279 veniam
1008 2261 1027 2288 ,
1047 2225 1101 2277 &
1118 2214 1212 2274 hic
1227 2237 1496 2280 mecum:

316 2289 589 2377 qapulum
617 2289 789 2369 gladii
814 2296 1005 2354 crebro
1050 2294 1340 2354 verberans
1419 2318 1501 2356 uo

316 2369 536 2424 emaus
548 2383 679 2454 erat..
718 2371 900 2430 Edixit
918 2382 971 2432 &
992 2369 1282 2444 reuertise,
1303 2316 1412 2433 sec?
1425 2376 1502 2434 iis

314 2445 543 2502 'mutum
570 2461 675 2524 qm
694 2461 1000 2531 plantent,
1034 2448 1278 2534 equestri
1306 2451 1504 2513 otdini
